1685 3093
437 87 477 124 A
508 79 551 122 D
640 77 678 120 L
712 54 874 123 113⁸R
908 78 950 121 v
981 78 1041 140 M,
1117 78 1186 123 Η.
1414 95 1502 143 213

142 185 396 236 meminerit,
444 183 553 226 vnde
587 182 710 224 dubia
741 182 806 235 fit,
837 199 924 227 non
963 199 1109 241 parurn
1147 186 1327 239 haereat,
1360 187 1387 229 fi
1426 197 1492 233 tot

141 259 348 300 inauditas
369 271 432 297 res
453 255 608 296 narrari
630 255 782 297 videat.

196 330 410 371 Romanos
438 338 578 383 poetas
597 329 897 382 antiquiffimos
919 330 1086 385 quidem
1117 331 1223 373 nihil
1259 332 1373 374 aliud
1405 334 1491 376 fere

137 400 274 458 egisse,
307 414 431 455 quarn
454 410 498 440 vt
520 397 685 440 Graeca
705 400 831 441 latine
852 414 1157 456 conuerterent‚
1188 406 1238 446 ab
1269 406 1333 447 his
1350 415 1489 449 autem

139 482 269 513 aetate
311 474 538 526 proximos,
581 481 622 512 et
651 475 826 515 omnino
864 476 1243 528 praestantiffimum
1278 493 1490 535 quemque

140 555 319 599 poetam,
352 542 517 586 Graeca
545 544 672 585 latine
698 547 934 599 expressisse,
968 547 1170 591 Graeciae
1205 550 1325 592 flores
1355 553 1400 593 in
1421 536 1486 594 isi-

135 616 285 657 ridaria
319 617 510 658 Romana
545 617 786 659 transtulisse
809 629 850 660 et
882 622 1054 662 omnino
1087 638 1140 665 ex
1177 620 1354 666 Graecis
1387 640 1484 678 pro-

135 689 270 731 feciffe
300 691 439 741 vnice,
472 691 520 732 ad
555 706 779 747 eorumque
809 693 1045 747 exemplum
1067 697 1277 748 poeticum
1299 698 1482 751 aliquem

136 763 379 815 sermonem,
432 766 503 818 qui
568 780 591 804 a
646 765 815 819 pedestri
880 766 1065 807 oratione
1147 769 1268 822 plane
1333 770 1485 811 discre-

134 845 221 889 pat,
258 836 544 888 conformasse,
577 839 619 878 in
656 837 835 879 confesso
873 838 944 879 est.
1019 839 1203 891 Ennius,
1236 843 1308 896 qui
1341 840 1486 885 Iliadis

136 909 249 949 riuos
286 910 327 949 in
369 910 553 951 Annales
609 911 699 952 suos
738 911 991 962 traduxerat,
1045 912 1305 970 Tragoedias
1348 914 1487 969 plures

136 980 265 1021 latine
315 993 604 1033 conuerterat;
656 994 696 1023 et
731 982 783 1024 sic
819 984 996 1040 Tragici
1031 998 1077 1025 ac
1118 983 1285 1027 Comici
1326 996 1484 1028 veteres

136 1054 218 1094 fere
266 1068 408 1095 omnes
449 1056 686 1096 faciendum
725 1056 795 1098 fibi
843 1067 1103 1111 putauerant.
1195 1057 1272 1099 Sed
1317 1058 1368 1099 de
1405 1059 1488 1102 hoc

135 1140 250 1167 nune
295 1141 380 1167 non
421 1129 588 1184 agitur;
621 1144 764 1169 verum
800 1128 971 1170 Iliadem
1013 1130 1183 1171 Homeri
1224 1130 1488 1172 transtulerat

134 1201 209 1242 Cn.
236 1199 430 1251 Mattius,
462 1213 504 1241 et
536 1202 680 1257 Cypria
700 1203 874 1243 carmina
895 1203 1003 1243 infra
1023 1203 1253 1244 videbimus
1273 1218 1296 1244 a
1316 1203 1486 1245 Naeuio

134 1272 263 1313 latine
286 1273 409 1324 fausta,
441 1283 497 1324 et,
531 1273 558 1314 fi
592 1275 663 1314 alii
699 1275 805 1315 inter
840 1275 1052 1316 Romanos
1081 1285 1378 1326 memorantur,
1409 1277 1485 1332 qui

135 1355 428 1400 argumentum
464 1346 562 1387 belli
599 1346 780 1388 Troiani
816 1347 1061 1398 tradiarunt,
1092 1357 1138 1388 vt
1170 1347 1317 1389 Macer
1349 1349 1486 1390 Ante-

135 1418 364 1470 homerica,
396 1435 436 1460 v.
463 1419 596 1461 Ouid.
624 1418 684 1460 IL
709 1421 808 1460 Am.
837 1422 902 1464 18.
931 1430 971 1461 et
1002 1420 1308 1461 Posthomerica
1339 1419 1400 1460 ΙΙ.
1433 1435 1486 1462 ex

133 1487 268 1532 Ponto
302 1503 368 1539 10,
405 1505 473 1546 13,
507 1491 605 1530 item
641 1490 909 1542 Camerinus,
943 1490 1025 1532 IV.
1062 1506 1112 1533 ex
1148 1492 1285 1534 Ponto
1329 1494 1397 1544 16,
1440 1494 1483 1536 6.

133 1563 203 1602 vbi
239 1577 280 1602 v.
310 1572 398 1603 not.
435 1578 485 1603 ex
515 1561 692 1604 Graecis
716 1563 797 1602 fere
817 1578 886 1604 eos
909 1565 980 1604 sua
1005 1564 1217 1616 effinxisse,
1249 1565 1484 1620 exemplum

131 1649 291 1685 eorum,
325 1636 397 1689 qui
428 1635 654 1689 superstites
687 1636 798 1687 sunt,
829 1637 991 1678 credere
1018 1638 1148 1678 iubet.

191 1707 367 1748 lVIunita
397 1710 477 1748 iam
506 1718 546 1748 et
581 1709 780 1762 patefae’ca
811 1709 866 1750 est
896 1712 979 1760 via,
1011 1719 1056 1750 vt
1076 1710 1266 1750 accedere
1291 1713 1480 1765 poffimus

132 1780 181 1822 ad
214 1781 271 1831 id,
294 1782 414 1821 cuius
437 1781 570 1822 caussa
594 1794 724 1823 totam
746 1784 851 1824 hanc
873 1783 1191 1836 disputationem
1212 1783 1477 1837 suscepimus,

132 1864 176 1895 vt
200 1854 354 1894 scilicet
377 1869 635 1908 quaeramus,
668 1870 791 1909 quem
814 1856 1061 1909 potiffimum
1083 1869 1132 1895 ex
1154 1856 1360 1897 veteribus
1380 1871 1480 1909 poe-

132 1928 185 1967 tis
224 1925 432 1981 Virgilius
471 1927 512 1966 in
543 1927 705 1967 excidio
741 1926 931 1968 Troiano
950 1928 1178 1969 enarrando
1199 1928 1395 1982 sequutus
1417 1928 1479 1969 sit.

133 1997 225 2039 Effe
263 2000 374 2038 hunc
408 2000 514 2038 inter
547 2013 631 2048 eos,
665 1999 734 2053 qui
773 2001 1021 2051 interierint,
1055 2001 1175 2041 facile
1211 2001 1478 2056 intelligitur,

132 2072 470 2128 quandoquidem
520 2086 596 2111 nec
636 2072 891 2126 cyclicorum
931 2083 1141 2126 poetarum
1192 2073 1363 2127 aliquis,
1401 2087 1478 2113 nec

130 2160 273 2186 eorum
319 2145 555 2200 quisquam,
607 2144 678 2199 qui
719 2145 895 2197 proximi
938 2146 1066 2195 sucre,
1111 2146 1368 2198 omninoque
1405 2145 1477 2199 qui

129 2227 225 2258 ante
248 2215 480 2271 Virgilium
504 2216 657 2265 vixere,
690 2216 738 2256 ad
760 2217 894 2258 nostra
915 2228 1098 2271 tempora
1133 2217 1337 2269 peruenit.
1400 2214 1475 2256 Se-

129 2291 228 2330 dula
264 2299 400 2328 tamen
442 2289 667 2330 multarum
706 2303 859 2339 rerum,
891 2299 931 2329 et
966 2303 1106 2330 eorum
1142 2290 1346 2343 inprimis,
1380 2289 1472 2343 qui,

132 2364 296 2406 seriores
320 2362 503 2417 quidem,
536 2371 687 2402 veteres
709 2372 844 2402 tamen
870 2362 1184 2415 exscripserunt,
1217 2372 1257 2401 et
1279 2361 1474 2402 Tabulae

130 2435 281 2477 iliacae
321 2450 344 2475 a
379 2434 576 2475 Fabretto
616 2434 824 2490 vulgatae,
858 2437 901 2475 in
942 2449 1024 2489 qua
1060 2434 1247 2474 auc'torcs
1278 2434 1471 2487 adscripti

128 2508 241 2557 sunt,
272 2520 352 2547 vna
381 2520 477 2545 cum
501 2504 726 2561 Polygnoti
757 2507 898 2547 tabula
919 2508 1025 2562 apud
1060 2506 1319 2556 Pausaniam,
1352 2521 1469 2547 com·

128 2579 356 2634 paratione,
389 2579 617 2619 conied’tare
639 2580 754 2631 licet,
789 2579 1018 2634 Virgilium
1041 2579 1287 2631 potissimum
1315 2578 1471 2619 Iliadem

122 2662 289 2708 paruam
310 2651 531 2705 expreffiffe
563 2653 694 2693 multa
726 2665 879 2701 tamen,
912 2661 954 2692 vt
977 2652 1082 2691 infra
1104 2652 1144 2691 in
1167 2650 1338 2707 singulis
1361 2651 1473 2691 vide-

125 2724 280 2776 bimus,
312 2726 447 2779 paffim
479 2739 528 2765 ex
553 2723 728 2766 Graecis
749 2724 987 2780 tragoediis,
1020 2724 1207 2778 inprimis
1240 2722 1472 2777 Euripidis,

753 2795 784 2839 P
815 2812 844 2853 4
1342 2795 1481 2836 hausta
