1685 3093
416 107 531 161 AD
621 108 1008 165 LIBRVM
1097 123 1158 166 Π.
1387 140 1472 187 209v

120 226 228 264 inam
259 224 421 264 fuerant
442 223 656 278 descripta,
681 225 759 266 siue
783 227 1019 267 futurarum
1041 241 1167 280 opum
1194 227 1324 280 prima
1345 219 1464 272 initi-a

119 305 328 350 ceperant,
379 296 423 335 in
469 297 674 352 principio
716 313 887 352 operum
930 299 1094 338 suorum
1138 299 1262 338 modo
1292 300 1458 343 breuius

118 369 243 408 modo
272 367 474 421 copiosius
506 371 770 424 repetebant3
813 370 923 424 quod
955 385 1031 410 nec
1063 369 1298 426 Thucydides
1327 374 1459 414 facere

117 440 338 480 recusauit.
401 439 457 481 Et
479 442 521 481 in
543 442 673 491 hunc,
707 449 824 493 putO,
857 442 1024 482 censum
1046 445 1222 484 veniunt
1243 454 1305 485 tot
1330 447 1458 499 scrip-

115 521 224 553 tores
255 513 363 553 inter
393 528 461 554 eos
492 511 664 563 laudati,
698 514 770 567 qui
802 511 1010 555 Troianae
1042 529 1102 555 res
1136 518 1457 570 perscripserim,

117 600 223 638 quos
255 586 298 625 in
328 587 560 627 transcursu
592 586 715 627 modo
745 597 812 626 eas
843 586 990 626 leuiter
1019 588 1195 643 attigisse
1216 589 1456 631 existiman·-

115 653 216 698 dum
246 656 316 699 est.
379 657 442 698 Ita
463 674 526 712 ap.
551 658 730 714 D10ny's.
756 658 895 698 Halic.
924 657 958 698 I.
982 660 1052 712 48.
1077 659 1321 704 stffenecrates
1340 665 1456 705 Xan-

115 729 221 770 thius
251 724 458 771 historiam
488 732 537 772 ab
569 730 753 772 Achillis
786 731 928 770 funere
970 733 1202 785 auspicatus
1249 746 1456 788 narratur,

113 803 282 844 exordio
313 819 480 858 quoque
509 804 602 844 libri
643 803 857 853 subiecto3
911 819 994 858 quo
1039 814 1177 846 tamen
1222 808 1457 849 summatim

111 884 296 926 tantum,
326 891 421 916 cum
442 877 491 916 ad
513 868 668 932 Lyciae
699 891 760 917 res
795 876 864 932 (τὰ
889 877 1069 930 Auxuma)
1101 879 1363 932 exponendas
1383 881 1455 921 ille

114 957 365 1001 properaret,
407 947 615 988 Troianas
649 963 710 989 res
743 950 970 1003 perstritf'tas
1002 949 1120 990 fuiffe
1150 951 1310 992 credere
1341 953 1455 994 licet.

110 1017 255 1060 Etiam
272 1018 531 1075 Callsshenes,
555 1021 674 1076 cujus
693 1021 863 1063 Graecae
883 1022 1083 1078 Historiae
1103 1015 1203 1064 o'lirn
1225 1025 1454 1066 celebratae

114 1092 298 1142 fuerunt,
323 1107 418 1132 cum
441 1092 488 1131 de
512 1091 646 1132 Troia
667 1102 786 1146 capta
805 1093 925 1148 egisse
946 1105 1195 1136 memoratur
1228 1097 1287 1150 (v.
1312 1096 1455 1139 Schol.

113 1159 305 1218 Euripid.
341 1155 440 1204 Vet.¹
475 1179 539 1218 ap.
565 1163 704 1205 Vrfin.
728 1166 776 1205 ad
799 1165 922 1221 Virg.
948 1165 1007 1206 Π.
1033 1168 1140 1207 Aen.
1165 1168 1288 1222 255.)
1323 1170 1457 1223 primo

111 1236 254 1276 saltem
285 1234 542 1277 Graecarum
565 1237 839 1277 Historiarum
870 1240 977 1279 libro
1002 1239 1215 1281 Troianas
1247 1257 1309 1282 res
1342 1243 1453 1282 sum-

110 1309 255 1349 matim
285 1308 457 1349 narrasse
486 1310 663 1360 videtur,
696 1309 766 1350 etsi
789 1311 867 1351 hoc
889 1312 945 1351 ita
966 1312 1137 1363 factum,
1162 1323 1206 1353 vt
1228 1314 1454 1367 separatum

111 1380 280 1434 aliquod
312 1395 417 1434 opus
448 1381 654 1434 particula
683 1382 756 1422 illa
785 1384 923 1424 haberi
956 1384 1099 1438 posset,
1132 1385 1322 1439 suspicari
1356 1387 1451 1441 pos—

111 1449 160 1494 fis
190 1468 241 1494 ex
274 1452 410 1494 Cicer.
446 1453 503 1495 V.
537 1444 585 1494 ad
618 1454 725 1495 Diu.
766 1462 831 1498 12'.

170 1525 283 1567 Cum
314 1526 362 1567 ab
394 1525 458 1568 his
492 1525 774 1582 scriptoribus,
805 1530 876 1583 qui
907 1543 967 1569 res
998 1529 1061 1569 vel
1084 1530 1294 1570 vniuersae
1316 1528 1454 1572 Grae-

110 1598 197 1638 ciae
217 1599 280 1640 vel
304 1598 555 1654 singularum
586 1601 807 1641 ciuitatum
838 1603 1022 1656 certique
1052 1603 1247 1655 temporis
1267 1617 1451 1656 expone-

109 1682 217 1721 rent,
251 1683 389 1713 tamen
428 1672 668 1715 Troianum
699 1674 854 1713 bellum
885 1689 970 1715 non
1003 1675 1121 1728 plane
1154 1676 1453 1728 praetermitte-

111 1752 244 1793 retur,
277 1733 363 1783 fieri
397 1743 435 1783 id
467 1746 602 1785 multo
632 1748 762 1802 magis
794 1747 935 1787 debuit
965 1748 1014 1787 ab
1047 1748 1113 1797 iis,
1147 1748 1219 1801 qui
1251 1747 1453 1787 Historia—

108 1830 201 1856 rum
234 1816 447 1872 systemata
491 1819 731 1868 conderent,
775 1830 819 1860 vt
857 1834 917 1860 res
949 1820 1158 1860 Troianas
1197 1821 1451 1875 omninoque

110 1897 245 1929 totum
294 1890 459 1945 cyclum
509 1892 742 1947 mythicum
783 1892 974 1945 operibus
1006 1893 1086 1932 suis
1119 1893 1351 1932 intexerent
1380 1902 1454 1933 aut

112 1959 394 2016 praefigerent.
459 1961 515 2003 Et
551 1965 629 2004 hoc
671 1965 826 2005 fa&Um
857 1966 968 2007 vides
997 1981 1019 2005 a
1051 1965 1223 2006 Dicdsro
1254 1965 1378 2006 Siculo
1408 1965 1453 2005 in

110 2025 226 2072 libris
259 2033 445 2087 quinque
476 2036 701 2087 prioribus,
743 2038 815 2091 qui
855 2037 1029 2087 exstant,
1081 2039 1125 2077 in·
1164 2037 1318 2091 quibus
1356 2052 1450 2078 eum

108 2102 358 2160 Dionysium
390 2108 567 2148 maxime
589 2107 802 2150 Milesium
832 2110 949 2163 supra
979 2120 1250 2150 memoratum
1269 2111 1448 2164 exscrip-

107 2175 190 2217 fiffe
213 2177 403 2230 suspicor.
428 2179 484 2218 cf.
511 2179 583 2219 lib.
609 2178 692 2220 III.
718 2189 786 2234 52.
820 2181 889 2221 vbi
920 2197 959 2223 v.
985 2181 1157 2223 Weffel.
1219 2181 1334 2222 Idem
1355 2193 1448 2223 ante

106 2263 201 2289 eum
235 2250 284 2289 ab
315 2250 551 2292 Anaximene
582 2253 834 2310 Lampsaceno
879 2254 1050 2305 factum,
1102 2255 1173 2309 qui
1221 2254 1447 2295 Alexandri

105 2328 288 2378 tempore
318 2325 423 2364 vixit
452 2336 492 2364 et
523 2326 572 2365 ab
603 2327 892 2381 antiquiffimis
923 2325 1125 2367 Graeciae
1171 2327 1289 2366 rebus
1334 2328 1447 2367 orsus

107 2396 189 2443 (τὰς
216 2395 355 2447 wei-Tac
386 2398 508 2447 ῗςοξῖας
544 2397 607 2437 vel
652 2395 707 2437 τὶν
735 2398 866 2451 πρώτην
893 2403 953 2435 τῶν
979 2397 1185 2446 Ἑλληνικῶν)
1236 2397 1445 2439 historiam

105 2469 233 2523 vsque
262 2469 310 2510 ad
343 2485 523 2526 pugnam
547 2469 884 2511 Mantineensem
907 2479 1178 2525 pertexuerat.
1202 2485 1240 2511 v.
1266 2469 1446 2512 Diodor.

107 2538 213 2590 XV,
237 2540 304 2597 89.
336 2551 377 2582 et
399 2541 513 2582 Voff.
537 2542 586 2582 de
609 2541 713 2582 Hist.
739 2540 820 2582 Gr.
844 2541 881 2592 Ι,
908 2555 972 2585 10.
998 2545 1094 2583 item
1115 2557 1138 2583 a
1159 2542 1447 2597 Cephalaeone

106 2608 358 2666 Gergethio,
406 2614 478 2668 qui
512 2614 554 2654 in
597 2615 738 2666 primis
770 2613 1046 2656 Historiarum
1077 2615 1301 2665 variarum,-
1344 2629 1447 2668 quas

105 2681 252 2724 Musas
284 2685 558 2742 inscripserat,
590 2687 706 2728 libris
739 2702 800 2728 res
832 2687 1042 2729 Troianas
1073 2688 1281 2743 attigerat,
1324 2697 1368 2730 vt
1399 2702 1450 2728 ex-

163 2753 280 2798 vor.
306 2756 366 2800 ΙΙ.
726 2756 759 2800 P
1269 2759 1449 2818 Dionys.
