1685 3093
251 115 329 163 192
521 99 570 143 P.
594 97 819 140 Vnmun
850 92 1083 135 MARONrs
1115 92 1312 137 Aemus.
1429 96 1530 140 Lib.
1554 112 1598 143 22

243 208 340 251 Nos
363 213 507 248 contra
527 198 643 243 effufi
666 197 863 247 lacrimis,
895 197 1136 252 conjuxque
1159 195 1329 249 Creiisa,

245 278 549 330 Ascaniusque,
580 270 794 323 omnisque
815 267 980 318 domus,
1013 283 1064 309 ne
1085 279 1241 311 vertere
1262 271 1399 314 secum

245 352 414 394 Cun&a
432 359 561 404 pater,
594 345 762 396 fatoque
784 341 979 395 urguenti
1003 341 1243 383 incumbere
1263 344 1407 387 vellet.

242 427 456 479 Abnegat,
488 422 739 472 inceptoque
758 423 800 454 ct
821 413 979 454 sedibus
1001 413 1138 454 haeret
1159 415 1201 455 in
1224 416 1364 459 isdem.

242 497 401 539 Rursus
424 496 466 536 in
489 506 599 534 arma
621 491 745 539 feror,
778 496 1035 542 mortemque
1058 486 1308 531 miserrimus
1329 500 1444 544 opto.
1508 494 1591 548 655

241 570 358 611 Nam
380 567 491 622 quod
513 564 751 613 consilium,
783 569 856 601 aut
876 575 982 615 quae
998 561 1086 615 jam
1109 559 1278 600 fortuna
1295 561 1469 606 dabatur
1488 564 1504 605 ?

242 640 372 684 Mene
392 638 534 679 efferre
557 636 717 691 pedem,
749 634 931 690 genitor,
963 643 1003 672 te
1024 630 1132 685 posse
1152 631 1298 674 relidito

239 711 415 768 Sperasti
437 710 450 751 ?
485 720 736 762 tantumque
759 706 873 747 nefas
896 706 1028 758 patrio
1049 704 1205 746 excidit
1220 720 1289 747 ore
1308 704 1325 748 ?

242 785 285 827 Si
309 784 414 826 nihil
436 799 487 825 ex
511 792 626 823 tanta
649 780 804 834 superis
830 778 964 832 placet
986 778 1086 818 urbe
1106 779 1288 834 relinqui
1308 798 1322 830 3

237 857 296 900 Et
319 857 425 898 sedet
445 857 524 897 hoc
545 854 702 903 anim0,
736 851 1022 905 perituraeque
1043 849 1187 891 addere
1205 850 1364 909 Trojae
1508 855 1595 899 660

237 929 393 986 Teque
419 929 593 982 tuosque
609 928 731 982 juvat
753 937 762 962 ε
798 931 909 976 patet
930 922 992 962 isti
1008 924 1139 978 janua
1160 923 1291 966 letho.
1436 914 1441 918 -

237 1001 419 1057 jamque
440 1000 571 1041 aderit
591 996 727 1037 multo
749 993 904 1035 Priami
927 995 976 1034 de
996 995 1195 1051 sanguine
1217 996 1419 1055 Pyrrhus,

233 1072 429 1116 Gnatum
451 1080 546 1111 ante
565 1083 636 1109 ora
657 1068 800 1123 patris,
832 1077 989 1123 patrem
1007 1069 1081 1123 qui
1103 1069 1330 1112 obtruncat
1351 1071 1400 1112 ad
1422 1085 1526 1113 aras.

236 1146 332 1187 Hoc
354 1155 456 1195 erat,
488 1143 595 1184 alma
616 1156 781 1196 parens,
812 1140 924 1197 quod
946 1155 1010 1181 me
1033 1156 1104 1195 per
1125 1141 1222 1192 tela,
1256 1156 1327 1196 per
1347 1143 1456 1198 ignis

236 1217 398 1272 Eripis,
431 1226 478 1257 ut
499 1215 644 1257 mediis
666 1214 820 1255 hostem
843 1215 885 1255 in
908 1213 1207 1270 penetralibus,
1239 1222 1370 1268 utque
1505 1216 1589 1271 665

235 1291 488 1340 Ascanium,
520 1298 761 1343 patremque
784 1303 941 1338 meum,
968 1288 1177 1344 juxtaque
1200 1284 1418 1339 Creusam,

232 1364 430 1406 Alterum
454 1364 496 1403 in
518 1361 686 1403 alterius
708 1361 907 1401 maetatos
928 1359 1127 1415 sanguine
1149 1358 1348 1400 cernam?

234 1438 382 1487 Arma,
414 1436 510 1486 viri,
544 1436 644 1475 ferte
665 1448 775 1474 arma
795 1448 804 1473 ε
838 1441 959 1474 vocat
980 1431 1055 1472 lux
1078 1430 1228 1470 ultima
1247 1430 1396 1471 νίἇὶος.

232 1509 414 1550 Reddite
435 1523 498 1549 me
518 1507 678 1549 Danais
697 1520 706 1546 ε
741 1505 858 1546 finite
881 1504 1102 1546 instaurata
1121 1502 1293 1543 revisam

233 1581 413 1623 Proelia.
476 1594 708 1634 numquam
729 1593 872 1620 omnes
895 1577 1017 1618 hodie
1035 1576 1259 1617 moriemur
1279 1574 1422 1617 inulti.
1464 1567 1467 1569 ’
1501 1576 1587 1632 670

231 1653 317 1694 Hic
339 1654 446 1694 ferro
467 1653 668 1707 adcingor
689 1650 843 1701 rursus,
874 1649 1141 1703 clipeumque
1161 1647 1339 1691 sinistrae

233 1724 488 1766 Insertabam
509 1733 673 1779 aptans,
704 1737 853 1779 meque
872 1732 991 1764 extra
1011 1720 1119 1763 tef’ca
1140 1721 1336 1766 ferebam.

284 1875 376 1914 90¹·
405 1862 468 1912 My
487 1861 617 1912 arm50]
647 1860 839 1899 Whoever
854 1859 1076 1913 attentively
1096 1860 1280 1899 confiders
1296 1857 1371 1899 this
1391 1857 1585 1898 animated

232 1916 396 1967 passage,
439 1923 580 1952 cannot
610 1913 732 1965 surely
765 1912 897 1968 think,
939 1913 1024 1955 that
1049 1912 1173 1954 either
1206 1913 1352 1954 AEneas
1379 1925 1422 1952 or
1454 1910 1585 1964 Virgil

232 1978 351 2006 wants
372 1966 477 2019 spirit
497 1967 574 2006 and
588 1965 669 2006 fite.
