1685 3093
225 160 306 191 120
496 146 543 188 P.
571 148 791 188 Vmormt
812 145 1044 190 MARoms
1067 148 1261 191 ΑεΝειε.
1401 147 1498 192 Lib.
1527 165 1565 193 1.

224 250 343 291 Nota
367 251 440 292 tibi
462 267 470 290 z
503 262 543 292 ct
566 251 699 292 nostro
719 249 882 291 doluisti
908 251 1020 305 saepe
1041 251 1196 294 dolore.

225 323 356 363 Nunc
375 323 587 364 Phoenissa
610 333 720 363 tenet
742 321 874 371 Dido,
898 322 1140 378 blandisque
1161 333 1344 366 moratur
1483 327 1567 383 670

225 396 416 438 Vocibus
437 412 446 436 :
479 406 519 436 et
541 410 695 446 vercor,
726 409 810 450 quo
832 395 869 436 se
890 395 1077 449 Junonia
1097 405 1261 437 vertant

227 469 429 522 Hospitia.
491 468 597 509 haud
621 478 736 509 tanto
757 467 922 509 cessabit
943 468 1108 508 cardine
1130 483 1282 510 rerum.
1327 483 1332 488 ·

226 542 439 595 Quocirca
461 556 600 595 capere
625 552 718 580 ante
739 541 864 591 dolis,
895 551 936 582 et:
957 543 1120 597 cingere
1142 542 1306 582 flamma

224 613 430 670 Reginam
452 615 652 664 meditor;
685 628 737 654 ne
758 629 842 670 quo
864 616 898 656 se
921 615 1090 656 numine
1111 624 1272 655 mutet:

224 689 298 730 Sed
325 702 475 743 magno
498 689 660 730 Aeneae
682 702 845 728 mecum
868 696 1053 727 teneatur
1075 701 1225 728 amore.
1483 688 1564 744 675

220 762 322 817 Qia
344 763 474 803 facere
496 761 535 802 id
558 761 692 815 postis,
725 758 899 799 nostram
922 772 1036 798 nunc
1057 758 1199 813 accipe
1221 766 1414 799 mentem.

222 833 380 890 Regius
401 835 536 874 accitu
560 835 640 874 cari
664 833 861 888 genitoris
883 832 930 872 ad
954 832 1095 873 urbem

221 907 432 948 Sidoniam
456 921 554 960 puer
575 907 630 946 ire
651 914 780 959 parat,
812 918 901 944 mea
923 905 1103 944 maxima
1121 918 1251 955 cura;

221 979 349 1023 Dona
368 981 500 1020 ferens
523 978 683 1033 pclagO,
714 987 755 1017 et
777 977 952 1018 flammis
974 977 1164 1019 restantia
1185 978 1358 1034 Trojae.

219 1052 348 1093 Hunc
369 1066 444 1107 ego
466 1050 642 1104 sopitum
667 1051 826 1100 somn0,
859 1050 977 1105 super
997 1051 1080 1092 alta
1100 1051 1302 1107 Cythera,
1483 1048 1566 1095 680

219 1126 311 1165 Aut
334 1124 449 1177 super
472 1122 651 1163 Idalium
675 1124 827 1164 sacrata
849 1123 937 1164 sede
958 1123 1178 1165 recondam
1197 1139 1206 1164 ε

217 1196 288 1239 Ne
310 1211 391 1250 qua
413 1196 510 1237 scire
530 1195 665 1245 d0108,
699 1194 904 1235 mediusve
924 1209 1141 1237 occurrere
1163 1198 1294 1252 possit.

216 1269 293 1310 Tu
318 1270 462 1310 faciem
485 1269 598 1309 illius
619 1268 784 1309 nostem
806 1283 890 1308 non
912 1268 1089 1322 amplius
1113 1283 1241 1318 unam.

217 1339 334 1382 Falle
355 1341 468 1391 dolo,
499 1350 540 1381 et
561 1350 682 1381 notos
698 1322 820 1394 ⁵pue1·i
844 1355 944 1394 puer
964 1341 1088 1382 indue
1109 1342 1249 1384 voltus
1264 1357 1278 1386 ς

218 1413 299 1464 Ut,
332 1428 428 1454 cum
450 1424 488 1453 te
510 1413 666 1469 gremio
687 1412 863 1465 accipiet
884 1412 1093 1454 laetiffima
1113 1413 1249 1466 Dido,
1479 1414 1562 1470 685

218 1484 387 1541 Regalis
410 1485 516 1525 inter
538 1484 694 1525 mensas
715 1485 963 1539 laticemque
986 1485 1191 1543 Lyaeum,

217 1557 329 1598 Cum
349 1558 464 1598 dabit
485 1557 697 1611 amplexus
722 1567 844 1612 atque
865 1558 1006 1599 oscula
1028 1559 1168 1600 dulcia
1188 1559 1304 1616 figet,

215 1630 451 1672 Occultum
475 1630 644 1682 inspires
667 1630 823 1685 ignem,
856 1630 1057 1685 fallasque
1077 1645 1255 1673 veneno.

215 1703 335 1744 Paret
354 1705 488 1744 Amor
509 1702 629 1743 dietis
652 1717 767 1743 carae
787 1704 1026 1757 genetricis,
1059 1714 1100 1744 et
1121 1704 1206 1745 alas

213 1777 361 1826 Exuit,
393 1786 434 1817 et
456 1775 586 1831 gressu
608 1776 787 1831 gaudens
810 1776 966 1817 incedit
987 1776 1086 1818 Iuli.
1472 1780 1557 1836 690

212 1851 272 1893 At
294 1849 438 1890 Venus
460 1849 639 1891 Ascanio
661 1850 864 1903 placidam
886 1864 955 1905 per
977 1851 1157 1891 membra
1178 1851 1358 1906 quietem

213 1922 390 1977 Iangat‚
424 1937 468 1962 ac
493 1923 626 1962 fotum
649 1925 807 1978 gremio
829 1925 902 1964 dea
923 1923 1034 1964 tollit
1057 1924 1098 1963 in
1121 1924 1225 1964 altos

213 1997 365 2038 Idaliae
389 1998 527 2037 lucos:
562 1997 629 2035 ubi
653 1996 792 2037 mollis
816 2011 1026 2037 amaracus
1049 1997 1170 2038 illum

211 2069 405 2110 Floribus
427 2083 472 2108 ac
496 2068 607 2108 dulci
632 2069 838 2122 adspirans
861 2070 1141 2123 conplectitur
1162 2071 1320 2111 umbra.

261 2229 350 2267 934.
384 2215 493 2253 There
508 2230 547 2251 on
562 2216 740 2265 aflow'ry
757 2215 854 2267 bean]
886 2218 929 2254 In
951 2217 1013 2255 the
1029 2217 1209 2269 original,
1252 2222 1281 2238 “
1312 2217 1556 2256 Surrounded

211 2270 288 2306 him
310 2269 400 2306 with
423 2269 803 2315 1‘2.veer1narjoram;'’
832 2271 955 2307 which
975 2272 1099 2307 would
1119 2281 1185 2307 not
1205 2269 1321 2307 found
1344 2270 1555 2321 gracefully

210 2322 247 2357 in
272 2321 440 2371 Iingtiffi.
498 2321 690 2371 Nothing,
722 2321 798 2370 says
829 2323 988 2367 Canen,
1020 2323 1166 2370 escapes
1188 2323 1250 2359 the
1278 2323 1352 2359 vast
1380 2322 1554 2374 learning

211 2374 253 2410 cf
279 2374 427 2424 Virgii:
459 2375 544 2410 One
561 2387 646 2421 may
669 2373 779 2410 think
803 2386 841 2412 at
860 2375 930 2412 first
948 2376 1043 2426 sight
1063 2377 1143 2412 that
1164 2374 1209 2412 he
1232 2374 1308 2412 uses
1325 2375 1433 2412 sweet
1453 2387 1552 2411 mar-

203 2427 324 2474 jorrsn
355 2427 392 2462 in
420 2427 492 2462 tlisss
518 2427 682 2476 passage,
713 2426 971 2477 indifferently
1000 2427 1057 2465 for
1086 2442 1158 2478 any
1188 2427 1295 2465 other
1321 2426 1552 2465 odoriferous

208 2478 314 2516 herb.
370 2479 456 2516 'Tis
491 2491 540 2515 no
573 2477 659 2515 such
695 2478 818 2530 thing.
875 2481 911 2517 It
941 2481 970 2518 is
998 2480 1154 2518 because
1185 2480 1250 2519 the
1281 2479 1479 2528 marjoram
1511 2480 1559 2519 of

211 2532 357 2579 (Ljvprus
388 2530 460 2566 had
492 2543 512 2566 a
545 2543 669 2579 power
699 2541 736 2568 to
764 2531 868 2569 drive
898 2546 1000 2582 away
1022 2533 1225 2584 scorpions,
1255 2532 1378 2568 which
1398 2545 1494 2570 were
1515 2531 1553 2570 so

211 2584 320 2619 much
340 2595 375 2619 to
393 2583 436 2618 be
454 2583 578 2619 feared
599 2584 737 2633 during
753 2583 864 2633 sseep.
922 2587 1031 2634 Pliny
1047 2585 1220 2624 confirms
1240 2583 1314 2621 this
1328 2607 1380 2613 -
1394 2586 1551 2623 Amara-

209 2650 295 2678 rpm.
325 2640 360 2671 in
385 2638 494 2685 Cypro
513 2635 779 2683 laua'axflffbmfm
799 2637 843 2686 ⁴&
863 2640 1140 2687 oa'oratfflmum,
1158 2636 1396 2687 storpionibus
1413 2639 1549 2674 adver-

203 2687 318 2731 [imur.
1007 2692 1101 2730 Nat.
1117 2691 1214 2730 Hist.
1236 2691 1280 2740 B.
1301 2703 1362 2741 κς.
1386 2690 1434 2728 C.
1459 2703 1522 2729 22.
