1685 3093
366 134 483 180 AD
573 133 966 178 LIBRUM
1055 132 1118 176 11.
1353 147 1434 191 207

79 243 297 289 Homerici
342 240 538 283 carminis
580 254 791 290 numeros,
825 238 1110 294 transs-audique
1140 246 1180 277 et
1210 235 1435 291 eloquendi

77 319 267 368 modum,
298 314 544 369 composito,
576 313 867 369 exposuerant,
899 322 940 353 et
969 327 1020 353 ex
1044 311 1198 367 quibus
1219 319 1331 350 certa
1351 309 1432 349 dis-

78 391 278 447 pofitione
315 403 339 428 a
377 389 516 429 nescio
557 403 643 442 quo
686 386 873 427 colleffls
914 393 955 424 et
985 384 1186 424 ordinatis
1220 383 1435 438 syntagma

75 465 247 518 epicum
288 459 471 501 exstabat
513 459 831 499 concinnatum.
905 458 1116 497 Accurate
1158 456 1207 496 de
1249 457 1298 496 iis
1345 455 1433 509 post

84 535 257 577 Salmas.
293 535 335 574 in
369 532 501 573 Solin.
535 547 574 585 p.
600 543 697 586 597.
731 538 772 569 et
793 527 972 570 Casaub.
998 530 1045 570 ad
1069 530 1229 570 Athen.
1254 527 1362 568 VII.
1384 543 1430 580 4.

77 608 292 651 Dodwell.
328 607 376 646 de
407 604 533 660 Cycl.
576 619 617 657 p.
656 605 753 646 802.
801 602 874 656 qui
908 603 979 643 soli
1012 604 1171 643 consuli
1204 610 1431 652 merentur,

77 682 164 737 egit
205 679 474 721 Schwarzius
515 676 700 717 Altdorf.
739 676 782 716 in
823 673 931 716 Diff.
974 675 1022 715 de
1064 676 1195 729 poetis
1240 674 1429 730 cyclicis.

77 753 198 794 Adde
220 752 386 794 Fabric.
411 750 462 790 Β.
490 747 572 789 Gr.
599 748 660 788 T.
685 746 718 788 I.
753 764 793 802 p.
819 749 918 790 281.
951 746 1022 787 etsi
1055 748 1276 788 admodum
1299 762 1432 802 pauca

80 828 125 868 in
157 828 237 867 hoc
269 833 515 881 argumento
546 822 595 863 ad
624 821 835 876 liquidum
867 820 960 861 sunt
991 820 1200 873 perduc’ffl.

135 899 333 954 Qorum
363 908 503 938 autem
533 899 749 950 poetarum
780 894 950 933 nomina
980 902 1020 933 et
1050 908 1173 947 opera
1205 895 1284 934 hoc
1307 893 1432 950 cycio

79 972 375 1027 comprehensa
406 971 578 1019 fuerint,
613 982 673 1008 res
695 966 750 1007 est
772 967 920 1021 partim
942 966 1132 1016 obscura,
1155 967 1305 1018 partim
1327 981 1431 1007 con·

77 1045 276 1094 trouersa,
309 1044 434 1084 etiam
467 1043 573 1081 inter
603 1048 777 1080 veteres.
841 1038 942 1092 Qo
975 1038 1061 1092 ipso
1092 1038 1277 1079 constare
1309 1049 1430 1092 puto,

77 1119 187 1159 intra
219 1117 422 1171 priuatam
454 1111 759 1153 nonnullorum
788 1111 1006 1151 doust-orum
1041 1108 1433 1152 Grammaticorum

76 1191 320 1244 opinionem
369 1197 497 1227 totam
537 1186 644 1226 hanc
690 1186 738 1225 de
786 1185 908 1240 cyclo
946 1184 1068 1237 epico
1099 1184 1433 1238 praeceptionem

80 1263 254 1304 substiti}
275 1278 310 1301 e.
371 1260 525 1314 Neque
554 1274 740 1314 vnquam
782 1257 862 1297 tale
893 1271 1042 1309 corpus
1075 1255 1260 1309 plurium
1291 1261 1436 1310 poeta-

80 1351 173 1377 rum
205 1337 324 1376 aliter
355 1333 596 1374 confastum
627 1331 702 1372 effe
733 1331 924 1379 arbitror,
958 1343 1084 1383 quam
1114 1338 1160 1369 vt
1190 1329 1433 1384 grammati-

81 1425 156 1450 cus
186 1409 339 1463 aliquis
369 1422 512 1448 eorum
544 1405 756 1446 recensum
789 1404 856 1443 seu
889 1402 1070 1442 indicem
1102 1402 1269 1451 faceret,
1291 1411 1332 1441 et
1353 1400 1434 1442 fin-

84 1483 219 1538 gulari
266 1483 370 1522 forte
412 1480 558 1521 libello
603 1488 673 1519 aut
718 1478 762 1518 in
803 1491 924 1530 opere
970 1476 1242 1531 grammatico
1283 1475 1434 1516 ederet.

80 1554 176 1596 Nee
209 1555 330 1595 facile
361 1569 521 1603 omnes,
572 1567 752 1607 quorum
783 1565 959 1606 magnus
997 1550 1078 1590 fuit
1109 1563 1323 1599 numerus,
1358 1550 1433 1604 qui

81 1613 364 1682 Genealogias
404 1628 592 1676 deorum,
625 1624 988 1674 Titanomachias‚
1037 1621 1434 1677 Gigantomachias‚

80 1701 385 1756 Argonautica,
410 1699 649 1748 Thebaica,
682 1698 963 1746 Amazonica,
997 1695 1236 1745 Heracleas,
1261 1693 1432 1736 Orcho-

81 1774 261 1823 menica,
292 1783 333 1813 et
355 1771 407 1813 fic
430 1787 567 1826 porro,
591 1782 681 1810 turn
705 1771 745 1810 in
770 1771 889 1810 rebus
914 1768 1054 1809 Iliacis
1077 1770 1149 1823 qui
1171 1769 1280 1810 N6s-33
1304 1770 1430 1824 scrip-

82 1846 239 1896 serunt,
273 1846 344 1886 tali
379 1845 512 1886 indice
544 1844 770 1884 enumerati
806 1844 991 1883 fuerunt.
1054 1840 1263 1882 Asarinum
1304 1840 1434 1882 [Alle-

67 1919 188 1975 stum,
222 1919 383 1977 Leschen
417 1929 452 1958 et
473 1918 675 1958 Eumelum
707 1931 754 1955 eo
784 1915 1125 1969 compx‘chcnsum
1159 1913 1273 1954 fuiffe
1307 1914 1435 1968 pleri—

79 2008 162 2046 que
194 1992 396 2032 tradunt:
451 1991 513 2031 sed
545 1989 834 2038 Antimachmn,
871 1987 1133 2042 Sffesfchorz-:nn
1167 1987 1313 2042 (affrice
1344 2003 1433 2028 car-

81 2066 188 2106 mina
218 2066 406 2105 inserunt
438 2064 526 2112 alii,
557 2061 638 2108 fide
670 2076 753 2101 non
789 2061 882 2100 satis
914 2059 1142 2112 explorata.

139 2136 233 2176 Nec
265 2146 401 2176 tamen
436 2137 585 2175 horum
618 2137 830 2186 poetarum
863 2147 1005 2186 opera,
1030 2146 1152 2186 quae,
1177 2140 1220 2171 vt
1242 2147 1291 2174 cz<
1326 2146 1432 2172 non—

80 2208 210 2249 nullis
242 2208 484 2263 fragmentis
516 2206 712 2261 coliigere
743 2206 858 2255 licet,
906 2215 993 2245 tota
1040 2205 1086 2244 ad
1138 2204 1307 2244 Homeri
1350 2219 1435 2244 non

79 2292 163 2320 tam
195 2291 323 2320 artem
357 2294 482 2333 quam
515 2280 741 2319 sermonem
774 2279 910 2331 potius
943 2294 989 2318 ac
1012 2278 1194 2318 colorem
1215 2287 1255 2317 ct
1275 2279 1430 2330 epicam

80 2353 308 2395 dic'iionem
342 2353 422 2392 suit
454 2351 693 2405 compofita,
717 2352 895 2392 aliorum
927 2352 1058 2392 studia
1089 2361 1130 2391 et
1162 2361 1335 2391 conatus
1368 2351 1434 2390 in-

82 2426 206 2482 fregit
239 2441 285 2466 ac
319 2426 558 2466 retardauit.
622 2426 736 2466 Nam
765 2441 860 2466 cum
890 2425 1080 2479 pedestris:
1113 2425 1312 2465 orationis
1344 2424 1438 2464 vsus

82 2508 125 2538 et
155 2499 297 2539 cuitus
330 2499 627 2539 increbrescere
673 2500 779 2540 inter
821 2498 1008 2558 Graecos
1051 2496 1256 2551 coepisset,
1291 2497 1437 2537 multi-

81 2586 162 2625 que
193 2571 336 2622 effent,
369 2573 442 2626 qui
475 2572 777 2626 antiquiffimos
809 2572 975 2627 mythos
1006 2570 1276 2624 historiasque
1298 2568 1437 2610 Grae-

81 2645 188 2695 ciae,
223 2646 372 2699 partim
406 2644 659 2700 fingularum
683 2646 848 2686 vrbiurn
881 2643 1052 2693 fabulis,
1085 2643 1358 2699 religionibus
1390 2657 1438 2684 ac

85 2717 227 2768 sacris,
258 2717 369 2759 festis
391 2732 438 2757 ac
462 2717 626 2769 ritibus,
650 2718 840 2759 locorum
861 2716 985 2758 etiam
1008 2716 1308 2766 monumentis,
1331 2726 1438 2756 tem-

76 2789 330 2845 plorumque
372 2791 555 2832 donariis
598 2791 872 2841 consecratas,
906 2791 1055 2843 partim
1087 2805 1137 2831 cx
1171 2790 1315 2843 priscis
1347 2804 1438 2830 car-

1236 2863 1440 2916 minibus,
