1685 3093
258 133 319 181 44
460 114 651 171 DISQ
682 110 744 156 ΙΙ.
806 107 900 154 DE
932 106 1087 155 RER.
1120 108 1197 154 IN
1228 109 1394 156 AEN.

256 237 302 267 vt
335 222 517 264 oratione
551 216 689 260 viuide
721 214 942 267 exprimat,
972 213 1148 267 laborat,
1193 214 1409 258 necessario
1439 218 1482 258 in
1521 218 1598 262 ista

260 293 458 338 vocabula
479 289 671 338 incidere,
703 287 767 328 vel
785 287 981 328 orationis
1010 289 1256 342 proprietate
1276 289 1467 332 ducente.
1528 290 1597 333 Ita

257 382 402 424 graues
423 376 462 405 ct
478 362 644 410 celeres,
677 360 786 400 lenes
807 373 854 401 ac
875 359 997 401 duros
1020 360 1138 402 sonos
1158 361 1222 402 vel
1243 376 1328 402 non
1350 362 1388 402 id
1411 377 1533 418 agens
1553 373 1598 406 et

257 454 405 483 curans
426 437 473 478 ad
497 448 627 475 rerum
650 442 839 473 naturam
857 433 1186 476 accommodabit
1205 442 1246 475 et
1265 442 1403 474 orator
1421 435 1597 491 quisque

256 515 391 557 bonus
411 522 451 552 et
467 508 598 550 multo
619 506 747 561 magis
771 514 903 559 poeta.

566 688 1146 748 Drst1s1T10
1221 690 1282 735 11.

255 822 340 866 DE
387 816 612 861 RERVM
656 815 724 857 IN
757 813 1036 856 AENEIDE
1082 809 1594 860 TRACTATARVM

703 885 1138 930 INVENTIONE.

369 1036 534 1079 UALE
573 1036 614 1076 in
638 1034 896 1076 inueniendis
933 1035 1053 1076 rebus
1078 1034 1250 1075 omnino
1272 1034 1445 1091 Virgilii
1473 1035 1592 1091 inge-

254 1044 360 1162 Ο
395 1113 513 1153 nium
534 1109 672 1158 fuerit,
706 1122 790 1150 non
808 1116 891 1147 tam
913 1107 1136 1148 secundum
1157 1106 1262 1147 illud
1283 1108 1325 1147 in
1346 1110 1592 1164 excogitan-

250 1187 314 1227 dis
336 1185 455 1226 nouis
478 1197 609 1223 rerum
631 1181 865 1237 generibus,
896 1193 971 1220 nec
1007 1179 1139 1219 audax
1172 1178 1220 1219 ad
1254 1179 1507 1233 suscipienda
1526 1181 1591 1222 vel

250 1258 446 1300 tentanda
481 1257 681 1296 intentata
715 1255 764 1294 ab
800 1253 891 1293 aliis
923 1260 963 1292 et
998 1251 1167 1302 intaeta,
1211 1262 1282 1293 aut
1315 1267 1378 1304 ea,
1411 1268 1592 1308 quorum

253 1329 450 1372 successus
482 1327 574 1369 cffct
608 1327 758 1367 dubius
790 1335 831 1366 et
866 1326 1078 1373 incertus3
1112 1325 1191 1375 sed,
1225 1339 1328 1380 quae
1357 1340 1432 1367 nec
1453 1321 1592 1368 minor

250 1404 338 1445 laus
370 1402 444 1453 est,
475 1412 617 1442 natum
650 1409 691 1440 et
724 1399 877 1439 saelum
899 1397 947 1437 ad
982 1398 1152 1438 inuenta
1183 1398 1366 1452 priorum
1401 1398 1519 1441 rudia
1549 1408 1592 1439 et

252 1478 444 1519 inchoata
479 1473 721 1528 perficienda
753 1482 794 1512 et
827 1470 1019 1526 polienda
1042 1470 1337 1525 ornandaque3
1371 1486 1495 1526 quam
1517 1471 1590 1511 ad-

249 1549 448 1591 mirabilis
471 1562 590 1601 porro
609 1561 655 1586 ac
678 1545 779 1586 felix
802 1543 983 1593 fabulae,
1016 1557 1140 1597 quam
1163 1542 1234 1583 fibi
1253 1544 1448 1584 carminis
1465 1558 1589 1599 argu-

249 1632 436 1663 mentum
449 1621 562 1670 fecit,
578 1628 723 1660 natura
737 1616 783 1658 sit
798 1627 837 1656 et
855 1624 1057 1670 quantum
1075 1617 1117 1655 in
1135 1615 1378 1656 hoedilmffii
1389 1616 1591 1657 iudicium

247 1696 450 1736 emineat:
496 1692 696 1746 superiore
730 1686 1009 1742 disquisitione
1041 1686 1269 1742 expositum
1296 1687 1368 1728 est.
1429 1687 1589 1740 Restat,

249 1768 359 1823 quod
383 1767 456 1807 illo
472 1766 564 1807 Ioco
586 1762 764 1818 polliciti
787 1760 942 1809 sumus,
963 1768 1008 1799 vt
1026 1759 1168 1813 paucis
1189 1759 1459 1810 declaremus,
1482 1760 1591 1800 vnde

250 1845 369 1895 ‘poeta
401 1838 582 1879 fabulam
615 1837 725 1878 suam
758 1832 927 1885 eiusque
958 1840 1041 1871 tam
1078 1831 1239 1884 copiose
1273 1832 1528 1874 instruendae
1549 1843 1592 1873 et

248 1912 452 1953 ornandae
487 1909 696 1951 materiam
731 1904 950 1957 acceperit,
993 1912 1038 1943 vt
1070 1904 1164 1944 inde
1199 1903 1348 1945 clarius
1381 1915 1591 1960 appareat,

250 1998 353 2038 quae
387 1993 427 2022 et
462 1991 616 2036 quanta
647 1978 807 2020 inuenti
842 1977 929 2017 laus
965 1987 1106 2030 poetae
1140 1977 1308 2032 ingenio
1327 1992 1372 2018 ea
1393 1979 1435 2019 in
1457 1993 1498 2018 re
1518 1977 1589 2018 de-

248 2056 409 2104 beatur,
440 2064 479 2093 et
501 2067 624 2107 quam
646 2053 834 2092 limatum
856 2060 896 2090 et
929 2050 1075 2090 subtile
1107 2051 1195 2091 eius
1231 2051 1355 2092 fuerit
1387 2050 1589 2091 iudicium

251 2129 294 2168 in
315 2127 530 2182 deligendo
562 2125 630 2165 fibi
667 2133 912 2180 argumento
933 2122 1149 2172 eiusmodi,
1181 2122 1290 2176 quod
1314 2123 1500 2178 ingentes
1526 2137 1589 2162 re·

248 2215 339 2240 rum
363 2210 404 2240 et
424 2207 760 2240 ornamentorum
782 2196 948 2236 haberet
968 2195 1108 2249 copias
1134 2195 1215 2235 iam
1245 2196 1296 2235 ab
1319 2195 1410 2235 aliis
1433 2205 1590 2249 paratas

248 2282 288 2311 et
321 2270 658 2321 subministratas,
690 2280 735 2311 vt
755 2269 940 2310 doctrina
960 2278 1123 2309 tantum
1144 2278 1184 2309 et
1205 2268 1348 2310 iudicii
1371 2268 1590 2323 sagacitate

246 2358 348 2397 opus
370 2342 462 2383 esset
483 2343 532 2382 ad
553 2342 748 2383 dileemm
771 2340 1021 2382 faciendum.
1466 2341 1469 2344 '

304 2415 449 2456 Solent
471 2415 552 2454 fere
568 2413 836 2468 Interpretes,
869 2423 1071 2468 quantum
1094 2414 1304 2471 intelligo,
1337 2413 1492 2468 quique
1513 2413 1586 2454 alii

245 2487 322 2526 ha:
344 2488 391 2526 dc
420 2501 460 2526 re
495 2495 641 2540 agunt,
674 2486 730 2526 ita
751 2485 938 2535 statuere,
970 2494 1014 2526 vt
1036 2495 1197 2540 poetam
1222 2487 1373 2527 famam
1404 2486 1587 2540 aliquam

244 2559 457 2599 obscuram
475 2558 521 2597 de
544 2558 706 2597 Aeneae
734 2558 775 2597 in
799 2556 966 2598 Italiam
986 2558 1168 2600 aduentu
1186 2560 1402 2615 sequutum
1424 2558 1498 2599 effe
1520 2559 1584 2598 di-

244 2640 355 2670 cant.
417 2629 644 2670 Enimuero
664 2644 714 2670 ex
736 2631 802 2680 iis,
834 2645 937 2684 quae
958 2645 981 2671 a
1013 2629 1216 2687 Dionysio
1237 2630 1375 2672 Halic.
1391 2630 1474 2671 lib.
1503 2628 1539 2670 I.
1564 2645 1587 2669 a

247 2699 446 2740 Strabone
469 2701 541 2740 lib.
567 2701 698 2742 XIII.
731 2717 753 2741 a
784 2702 1009 2742 Plutarcho
1041 2704 1084 2743 in
1113 2703 1314 2753 Romulo,
1347 2717 1369 2742 a
1398 2701 1516 2743 Festo
1541 2702 1585 2742 in

247 2772 385 2823 Reme,
420 2772 533 2814 Sext.
571 2774 745 2815 Aurelio
765 2773 937 2816 Vic‘lzore
966 2775 1014 2816 de
1050 2774 1110 2816 O.
1141 2772 1202 2816 G.
1227 2773 1282 2815 R.
1310 2783 1352 2815 et
1381 2788 1404 2814 a
1440 2771 1586 2813 Seruio

464 2859 514 2888 10
1448 2845 1586 2899 paffim
