1685 3093
281 131 362 188 178
535 130 584 170 P.
610 128 835 170 Vmcun
857 124 1094 170 Mszoms
1117 126 1314 174 Amnis.
1469 129 1569 176 Lib.
1589 138 1634 176 2.

283 235 414 278 Arma
435 234 504 274 diu
528 234 660 274 senior
681 231 843 271 desueta
863 232 1138 274 trementibus
1159 248 1260 275 aevo

280 307 529 350 Circumdat
551 305 832 359 nequidquam
854 303 1053 355 humeris,
1084 313 1125 345 ct
1145 306 1297 347 inutile
1319 308 1475 351 ferrum
1554 322 1639 364 510

282 380 502 434 Cingitur,
536 393 582 418 :rc
604 377 748 418 densos
772 377 903 417 fertur
922 378 1151 419 moriturus
1173 378 1217 419 in
1237 379 1378 422 hostis.

281 453 470 494 Aedibus
493 452 536 490 in
559 450 702 490 mediis
725 450 921 504 nudoque
944 451 1017 490 sub
1038 452 1213 491 aetheris
1233 465 1308 492 axe

279 524 435 580 Ingens
458 538 525 563 ara
546 523 656 572 fuit3
684 523 892 579 juxtaque
912 522 1129 563 veterrima
1156 522 1298 565 laurus

277 596 533 637 Incumbens
556 611 664 646 arae,
697 606 822 650 atque
845 596 992 636 umbra
1013 596 1218 650 conplexa
1237 594 1428 640 Penates.

274 668 361 708 Hic
384 668 560 709 Hecuba
579 680 619 709 et
639 680 788 724 gnatae
808 669 1095 723 nequidquam
1117 668 1262 710 altaria
1283 671 1461 723 circum,
1551 683 1635 729 515

272 739 526 794 Praecipites
547 751 634 781 atra
654 755 729 781 ceu
752 740 986 794 tempestate
1008 741 1249 792 columbae,
1621 756 1623 758 ·

276 812 539 865 Condensae,
570 824 611 855 ct
630 815 772 855 divom
795 814 1008 868 amplexae
1031 812 1250 856 sunulacra
1273 816 1481 859 sedebant.

274 886 418 942 Ipsum
441 898 576 928 autem
600 888 744 928 sumtis
763 885 975 927 Priamum
992 887 1262 942 juvenalibus
1283 890 1407 931 armis

274 959 339 1000 Ut
361 962 647 1015 vidit3Q1ae
670 974 787 1000 mens
809 969 894 999 tam
916 959 1020 1010 dira,
1053 960 1278 1001 miserrime
1298 964 1474 1019 conjux,

272 1034 436 1088 Inpulit
456 1035 521 1075 his
544 1036 658 1090 cingi
680 1033 775 1074 telis
797 1031 810 1072 ?
845 1042 919 1073 aut
939 1046 1024 1086 quo
1046 1031 1162 1073 ruis?
1197 1033 1353 1087 inquit.
1549 1049 1634 1091 520

269 1105 374 1147 Non
396 1107 469 1147 tali
490 1107 666 1157 auxilio,
700 1120 785 1147 non
807 1104 1093 1145 defensoribus
1117 1104 1201 1146 istis
1616 1118 1621 1121 ’

270 1179 466 1234 Tempus
487 1190 606 1235 eget:
642 1193 746 1230 non,
778 1177 805 1219 fi
828 1177 909 1231 ipse
930 1192 1047 1219 meus
1069 1193 1184 1218 nunc
1207 1177 1367 1225 adforet
1389 1179 1562 1222 Hec'tor.

266 1252 367 1294 Huc
389 1252 555 1293 tandem
576 1252 759 1293 concede
777 1267 787 1292 ;
822 1251 921 1291 haec
944 1265 1014 1291 ara
1034 1251 1222 1292 tuebitur
1241 1253 1377 1294 omnis
1399 1267 1409 1293 ε

267 1326 361 1366 Aut
383 1325 555 1366 moriere
577 1323 712 1365 fimul.
777 1321 846 1365 Sic
867 1338 937 1364 ore
957 1323 1097 1376 effata,
1129 1325 1285 1378 recepit

266 1399 343 1440 Ad.
360 1399 455 1449 sese,
486 1408 527 1438 et
544 1399 655 1439 sacra
675 1397 922 1452 longaevom
946 1397 988 1437 in
1012 1396 1100 1436 sede
1122 1395 1293 1438 locavit.
1547 1410 1628 1454 525

266 1469 381 1512 Ecce
402 1481 540 1511 autem
560 1471 720 1511 elabsus
742 1467 892 1525 Pyrrhi
914 1468 963 1509 de
982 1468 1104 1509 caede
1126 1468 1301 1519 Polites,
1554 1459 1555 1462 Ἴ

266 1541 394 1584 Unus
417 1554 639 1598 gnatorum
663 1542 836 1592 Priami,
870 1556 941 1594 per
963 1541 1060 1592 tela,
1094 1555 1164 1594 per
1188 1540 1312 1581 hostis

264 1613 506 1656 Porticibus
528 1616 666 1671 longis
693 1615 821 1670 fugit,
853 1620 895 1654 et'
915 1628 1046 1655 vacua
1067 1615 1170 1654 atria
1191 1612 1337 1653 lustrat

266 1685 456 1728 Saucius.
519 1688 641 1728 illum
664 1688 808 1729 ardens
830 1686 977 1728 infesto
997 1687 1166 1728 volnere
1197 1686 1382 1743 Pyrrhus

264 1757 525 1812 Insequitur,
552 1761 640 1817 jam
656 1761 830 1816 jamque
851 1774 977 1799 manu
1000 1768 1128 1810 tenet,
1159 1769 1200 1799 et
1222 1759 1374 1812 premit
1394 1756 1519 1800 hasta.
1542 1772 1627 1817 530
1681 1771 1685 1780 ·

263 1829 330 1871 Ut
353 1832 519 1871 tandem
541 1842 634 1873 ante
656 1832 802 1873 oculos
824 1830 949 1874 evasit
968 1843 1009 1873 et
1028 1847 1099 1873 ora
1119 1841 1357 1887 parentum,

261 1895 483 1954 Concidit,
518 1919 563 1945 ac
586 1905 720 1945 multo
741 1906 872 1945 vitam
893 1919 990 1946 cum
1012 1905 1212 1960 sanguine
1235 1904 1345 1945 fudit
1365 1919 1375 1945 :

265 1975 350 2016 Hic
374 1976 580 2030 Priamus,
614 1994 871 2034 quamquam
892 1980 937 2020 in
959 1979 1094 2020 media
1110 1980 1199 2035 jam
1231 1988 1364 2026 morte
1383 1987 1565 2030 tenetur,

261 2047 369 2090 Non
392 2060 527 2092 tamen
549 2052 766 2105 abstinuit,
799 2067 875 2094 nec
898 2053 993 2093 voci
1015 2052 1181 2106 iraeque
1202 2051 1399 2104 pepercit.

315 2257 404 2308 699.
435 2257 499 2299 My
528 2272 611 2294 own
636 2260 721 2295 deur
741 2259 795 2295 He
781 2256 905 2307 adon]
937 2258 999 2295 De
1029 2257 1068 2294 la
1094 2239 1221 2293 Ce'rda
1249 2255 1368 2306 imagi
1359 2268 1437 2292 nes
1464 2255 1566 2292 there
1580 2253 1622 2291 is
1681 2257 1683 2262 '

264 2308 363 2345 some
397 2308 510 2345 hiddo
515 2323 536 2345 n
559 2310 739 2360 meaning
772 2312 810 2347 in
846 2311 911 2347 her
939 2310 1071 2361 saying
1096 2309 1168 2358 My
1194 2308 1352 2353 Hector,
1383 2307 1509 2345 rather
1529 2308 1621 2344 than

263 2361 381 2398 Your’
386 2376 400 2398 s
419 2375 459 2397 or
481 2363 609 2399 Ours·
600 2379 610 2408 3
653 2376 690 2400 as
711 2363 747 2400 if
769 2364 815 2399 he
839 2376 932 2399 were
955 2365 1018 2400 the
1039 2364 1104 2401 {On
1134 2360 1181 2398 ot
1200 2360 1300 2398 some
1328 2360 1429 2411 god:
1480 2358 1622 2397 Which
1684 2371 1685 2374 ¹

264 2414 475 2461 conjemure
504 2414 533 2451 is
560 2430 597 2466 g
589 2415 778 2458 oundless
810 2415 921 2452 and
906 2429 993 2465 v·e1y
1013 2415 1069 2453 far
1089 2414 1250 2452 fetch'd.
1309 2413 1394 2450 ’Tis
1419 2412 1620 2462 certainl),

263 2478 302 2502 as
341 2468 464 2516 lrapp
498 2467 684 2514 observes,
726 2469 816 2518 only
847 2481 870 2505 a
904 2467 1013 2514 fond,
1062 2466 1251 2518 motherly
1285 2466 1506 2517 expreffion,
1544 2465 1620 2503 and

263 2519 425 2571 nothing
446 2532 563 2560 more.

995 2596 1023 2640 7
