1685 3093
344 112 483 185 &AD
574 141 960 188 LIBRVM
1048 146 1107 190 Η.
1335 146 1421 220 517·

77 246 283 291 Armorum
314 246 514 297 iudicium,
549 248 792 291 Eumenides.
853 250 1013 293 Harum
1034 253 1184 306 partim
1206 255 1416 313 fragmen-

75 334 134 371 ta,
167 322 339 361 aliarum
393 322 563 360 nomina
601 331 765 362 tantum
804 323 852 363 ad
892 339 966 365 nos
1010 339 1318 381 peruenerunt3
1360 330 1419 374 fic

27 403 32 411 ‘
74 392 198 431 Atilii
220 391 395 441 Eleo‘i'ra,
419 390 472 431 L.
500 390 719 447 Pomponii
750 394 929 436 Secundi
963 398 1169 441 Armorum
1202 402 1417 455 iudicium3

19 456 21 463 ¹
69 473 112 505 et
134 474 237 517 quot
258 479 343 504 non
366 480 460 505 curn
482 465 573 518 ipsis
590 467 830 508 nominibus
852 470 1096 511 intercidisse
1118 475 1355 525 putabimus
1375 473 1386 517 !

132 535 253 590 Quae
289 538 415 591 igitur
445 549 563 591 poeta
595 540 638 579 in
674 541 742 580 sua
772 544 1004 583 narratione
1033 559 1054 584 a
1074 546 1236 602 vulgari
1254 550 1416 592 ratione

67 608 193 648 habet
214 610 461 660 recedentia,
495 621 565 651 aut
601 613 644 652 in
681 614 834 667 quibus
858 617 1082 668 auctorem,
1116 621 1188 673 qui
1218 621 1254 660 ei
1277 623 1413 674 praei-

27 734 29 739 ,
71 681 194 729 uerit,
217 679 424 732 desideres,
445 698 489 722 ea
508 699 558 723 ex
579 685 746 740 tragicis
768 687 849 727 suis
870 688 911 727 in
931 702 1028 741 epos
1051 690 1168 731 suum
1190 694 1413 738 traduxisse

70 753 190 793 nobis
231 755 420 804 videtur3
473 757 514 795 in
554 758 714 813 vulgari
763 769 900 800 autem
950 763 1183 804 narratione
1236 764 1411 812 Iliadem

66 839 235 877 paruam
268 827 447 868 diximus
480 827 549 881 ipfi
580 832 827 882 potissimum
848 832 963 873 fuisse
995 835 1266 889 propofitam3
1304 855 1412 895 quae

68 898 204 951 qualis
228 899 370 949 fuerit,
402 902 544 953 paucis
565 901 620 942 est
647 904 949 960 exponendum.

127 971 217 1011 [2214-
240 988 385 1024 fvt-ua,
419 973 520 1017 ami-,—
538 977 655 1027 μικςεὶ,
688 990 771 1016 non
805 986 887 1017 tam
916 987 1051 1019 toturn
1073 981 1232 1023 bellum
1253 983 1410 1027 Troia-

67 1056 186 1092 num,
220 1044 331 1098 quod
360 1045 544 1095 tradunt,
578 1061 702 1100 quam
737 1063 798 1088 res
835 1048 983 1091 Iliacas
1019 1053 1107 1106 post
1142 1054 1409 1101 Homericam

68 1113 241 1155 iliadem
264 1118 610 1170 comprehendisse
632 1120 768 1171 debet,
800 1122 827 1162 si
857 1138 902 1163 ea
934 1136 1113 1179 reputes,
1147 1143 1268 1182 quae,
1298 1140 1406 1172 tam-

65 1203 192 1242 quam
213 1190 299 1230 eius
321 1201 627 1244 argumentum,
661 1193 833 1234 Aristot.
863 1196 912 1235 de
933 1196 1048 1237 Poet.
1081 1214 1120 1239 v.
1147 1214 1214 1258 23.
1249 1218 1407 1246 memo-

65 1271 146 1311 rat,
195 1262 286 1316 plus
327 1278 452 1316 quam
489 1264 584 1304 0810
623 1268 841 1320 tragoediis
882 1269 1078 1322 sufficere,
1129 1288 1226 1313 cum
1267 1274 1409 1319 Iliadis

64 1335 312 1375 Homericae
331 1346 621 1390 argumentum
643 1348 805 1379 tantum
826 1355 964 1392 vnam,
997 1344 1045 1382 ad
1066 1344 1271 1387 summum
1292 1348 1410 1401 duas,

63 1409 306 1462 suppeditet.
369 1408 482 1449 Nam
508 1408 641 1448 Ὅπλων
672 1414 786 1462 κρίσις,
807 1414 1023 1460 Φιλοκτῆτης,
1050 1418 1281 1469 ΝεοπἿόλεμος,
1306 1422 1412 1473 Εὐξύ-

63 1493 181 1526 πυλος,
211 1484 389 1532 Πτωχεῖα,
417 1483 604 1524 Λάκαιναι,
636 1479 721 1517 ’lais
753 1484 882 1532 ωέξσις,
910 1485 968 1520 καὶ
1003 1484 1196 1531 Ἀπόπλες,
1226 1489 1285 1526 καὶ
1315 1494 1412 1529 Σίνων

63 1552 123 1589 καὶ
149 1550 311 1601 Τξώαὸες,
341 1550 439 1589 haec
472 1549 626 1598 omnia,
650 1549 839 1602 inquam,
873 1551 921 1590 ad
943 1567 1004 1593 res
1025 1553 1112 1606 post
1131 1555 1323 1598 Heeto‘ris
1344 1567 1410 1599 at·

63 1636 144 1675 que
165 1622 264 1662 adeo
283 1622 370 1675 post
402 1621 581 1662 Achillis
609 1621 775 1661 caedem
796 1622 924 1677 gestas
947 1625 1142 1678 spectant.
1203 1627 1306 1670 Dici
1340 1631 1411 1673 vix

63 1692 209 1747 potest,
241 1704 493 1748 quantopere
512 1694 589 1734 viri
612 1693 738 1744 doffi,
773 1696 961 1748 inprimis
984 1696 1153 1739 Salmas.
1187 1701 1236 1740 ad
1268 1701 1404 1743 Solin.

63 1782 105 1820 p.
130 1768 212 1808 800
235 1768 292 1821 sq.
317 1768 360 1807 in
387 1767 436 1807 iis
473 1769 658 1817 turbent,
691 1782 796 1821 quae
817 1769 933 1823 super
954 1771 1032 1810 hoc
1054 1770 1278 1826 disputant.
1339 1775 1407 1817 Ex

64 1839 268 1892 particula
285 1838 372 1874 Ἰλίε
388 1849 504 1895 ωέξσις
519 1842 656 1881 versus
666 1852 882 1895 excerptus
898 1841 973 1883 effe
988 1843 1410 1889 videturScholiastae

64 1913 190 1952 veteri
218 1911 432 1965 Euripidis
455 1929 519 1968 ap.
547 1913 700 1968 Scalig.
723 1914 772 1954 de
793 1913 967 1955 Emend.
993 1915 1148 1972 Temp.
1185 1919 1261 1961 lib.
1285 1920 1342 1962 V.
1366 1932 1408 1964 et

64 1985 261 2026 Tzetzae
281 1986 330 2026 ad
353 1985 563 2041 Lycophr.
594 2002 635 2027 v.
662 1998 758 2044 344.
792 1988 981 2030 laudatus
1002 2004 1013 2031 :
1046 1995 1120 2041 Νύξ
1135 2012 1192 2045 μεν
1214 1995 1262 2036 ἔην
1278 1998 1404 2044 μέσση,

63 2060 203 2111 λκμπξὲ,
231 2058 262 2095 <³2⁹
276 2065 427 2101 ἐπέτελλε
449 2064 577 2105 esaim,
607 2061 680 2115 qui
701 2070 742 2100 et
763 2061 805 2101 in
827 2059 1023 2101 Tzetzae
1038 2064 1271 2116 Μεθομηςικοῖς
1288 2077 1405 2116 repe-

62 2131 164 2179 titus
199 2129 254 2170 est
293 2144 359 2184 ap.
397 2129 611 2172 Dodwess.
646 2132 696 2172 de
728 2131 877 2188 Cyclis
913 2149 954 2187 p.
992 2133 1090 2189 803.
1128 2134 1184 2174 cf.
1218 2133 1325 2174 Exc.
1355 2134 1404 2174 ad

63 2205 170 2244 Aen.
209 2202 270 2253 II,
305 2217 400 2259 340.
463 2204 529 2244 Ex
566 2210 729 2246 Ἀπόπλε
748 2207 929 2248 carmine
967 2217 1069 2261 puto
1106 2205 1181 2246 effe
1215 2207 1405 2247 vndecim

61 2277 154 2318 illos
191 2277 325 2318 versus
362 2278 410 2318 de
449 2280 590 2319 Aenea
629 2293 692 2332 ap.
731 2278 892 2320 Tzetz.
930 2281 978 2321 ad
1024 2278 1236 2335 Lycophr.
1279 2280 1401 2335 1263.

60 2348 188 2389 Hunc
223 2349 275 2389 sc.
314 2363 334 2388 a
367 2348 650 2402 Neoptolemo
681 2353 895 2406 captiuum
925 2352 1149 2393 deduecum
1179 2350 1255 2391 esse
1288 2353 1331 2392 in
1353 2353 1404 2394 iis

60 2422 247 2461 traditur.
281 2422 336 2462 cf.
361 2422 484 2461 eund.
508 2422 554 2461 ad
582 2418 702 2479 1232.
726 2424 794 2464 vbi
819 2424 998 2474 additur,
1030 2437 1122 2464 eum
1145 2422 1231 2476 post
1252 2423 1402 2477 Neop-

58 2494 198 2534 tolemi
228 2494 333 2547 apud
355 2492 547 2548 Delphos
563 2494 725 2534 caedem
741 2495 960 2536 liberatum
978 2494 1108 2536 fuiffe.
1170 2493 1311 2536 Etiam
1333 2497 1401 2537 in-

57 2577 120 2606 ter
151 2566 335 2607 auctores
360 2566 523 2606 tabulae
553 2564 704 2606 Iliacae
724 2565 954 2619 adscripta:
990 2573 1094 2616 Ἰλιὰς
1118 2573 1221 2624 paug&
1246 2574 1402 2619 λεγομένη

56 2641 148 2677 κατὰ
182 2644 317 2689 Ago-xm
350 2641 522 2691 Πυρῤαῖον.
602 2637 783 2679 Habitus
823 2649 863 2680 et
903 2641 1027 2682 huius
1072 2655 1219 2695 paruae
1257 2639 1402 2682 Iliadis

56 2708 201 2748 auctor
221 2709 322 2750 olim
351 2725 374 2750 a
400 2711 615 2752 nonnullis
649 2711 872 2764 Homerus,
903 2723 948 2754 vt
968 2728 1017 2754 ex
1040 2713 1203 2754 au&ore
1232 2714 1282 2754 de
1315 2715 1402 2755 vita

57 2778 246 2839 flmneri,
273 2783 351 2837 ,qui
373 2784 501 2839 vulgo
524 2783 758 2828 Herodotus
782 2785 927 2839 fertur,
960 2795 1086 2840 patet,
1118 2801 1155 2828 c.
1184 2786 1249 2830 16.
1269 2787 1337 2828 vbi
1358 2796 1401 2826 et

293 2848 296 2852 ’
1280 2859 1401 2912 primi
