1685 3093
295 124 379 168 144
562 109 611 152 P.
635 107 856 149 Vmerzn
887 102 1118 147 Mnnonrs
1150 105 1343 165 Annus.
1462 107 1562 152 Lib.
1585 123 1627 155 2.

289 215 417 269 Saepe
439 214 578 268 fugam
600 208 739 252 Danai
760 205 896 264 Troja
917 208 1083 260 cupiere
1102 207 1244 250 relieta

289 287 456 336 Moliri,
487 294 527 325 et
548 285 673 337 longo
695 280 776 320 feffi
797 279 999 321 discedere
1021 278 1146 320 bello.

288 357 572 411 fecissentque
594 355 753 396 utinam
774 349 784 392 Ι
819 352 930 406 saepe
952 351 1045 393 illos
1066 352 1202 406 aspera
1222 356 1340 407 ponti
1543 369 1625 400 110

287 428 524 474 Interclusrt
543 428 692 478 hiems,
723 433 765 466 et
787 425 933 466 terruit
953 423 1082 465 auster
1101 425 1256 466 euntis.

285 503 524 556 Praecipue,
556 513 651 540 cum
668 499 758 555 jam
781 497 850 537 hic
872 498 1056 538 trabibus
1078 507 1300 539 contextus
1321 500 1480 544 acernis

288 574 424 616 Staret
443 586 592 627 equus,
623 579 713 612 toto
734 569 959 610 sonuerunt
980 569 1138 609 aethere
1159 569 1305 610 nimbi.

289 643 472 700 Suspensi
493 642 755 698 Eurypylum
778 641 968 682 scitatum
989 641 1157 686 oracula
1178 640 1332 684 Phoebi

283 719 519 768 Mittimus,
552 716 664 769 isque
685 715 816 770 adytis
838 716 936 754 haec
962 714 1090 754 tristia
1107 714 1215 755 dicta
1234 724 1430 771 reportat.
1543 729 1624 776 ης

284 789 493 845 Sanguine
511 785 696 841 placastis
717 796 880 836 ventos,
911 795 952 826 et
973 786 1132 841 virgine
1154 788 1285 838 caesa,

280 863 393 906 Cum
416 863 595 916 primum
618 858 766 899 Iliacas
788 856 927 898 Danai
947 858 1112 899 venistis
1134 860 1182 900 ad
1204 875 1294 903 oras
1315 876 1325 902 :

281 936 491 991 Sanguine
512 930 729 987 quaerendi
751 930 921 981 reditus,
953 931 1171 987 animaque
1193 932 1399 974 litandum

279 1009 492 1064 Argolica.
553 1004 665 1059 volgi
690 1017 793 1058 quae
812 1018 895 1044 vox
916 1013 964 1044 ut
984 1005 1098 1045 venit
1119 1004 1167 1044 ad
1190 1006 1318 1057 auris,

278 1080 542 1132 Obstupuere
564 1077 711 1126 animi,
742 1076 982 1131 gelidusque
1009 1091 1079 1131 per
1101 1076 1183 1118 ima
1204 1079 1392 1119 cucurrit
1538 1092 1621 1125 120

279 1151 382 1195 Offa
402 1162 580 1201 tremor;
613 1150 680 1190 cui
703 1149 786 1189 fata
805 1157 965 1205 parent,
998 1161 1122 1202 quem
1146 1149 1284 1202 poscat
1305 1150 1481 1204 Apollo.

278 1226 360 1266 Hic
383 1223 551 1265 Ithacus
572 1232 708 1263 vatem
730 1235 881 1276 magno
903 1219 1140 1262 Calchanta
1160 1222 1347 1264 tumultu

279 1297 489 1340 Protrahit
510 1297 552 1336 in
574 1295 727 1335 medios
748 1307 758 1334 :
792 1307 895 1347 quae
925 1291 1002 1332 fint
1022 1307 1069 1333 ea
1089 1294 1262 1334 numina
1284 1294 1423 1336 divom
1447 1281 1449 1283 ¹

278 1370 477 1426 Flagitat.
537 1379 579 1409 et
599 1368 700 1408 mihi
718 1368 805 1423 jam
826 1363 948 1404 multi
969 1364 1132 1404 crudele
1152 1366 1357 1413 canebant

277 1442 464 1483 Artificis
487 1442 633 1491 scelus,
665 1448 705 1480 et
726 1438 842 1479 taciti
862 1446 1035 1484 ventura
1053 1437 1262 1480 videbant.
1539 1451 1620 1496 125

277 1515 350 1557 Bis
372 1516 522 1570 quinos
545 1512 632 1554 silet
653 1512 723 1553 ille
744 1511 846 1562 dies,
878 1509 1089 1564 metusque
1110 1511 1270 1552 recusat

278 1585 451 1627 Prodere
472 1598 571 1625 voce
592 1583 660 1623 sua
681 1596 950 1636 quemquam,
982 1592 1052 1620 aut
1072 1597 1277 1636 opponere
1297 1586 1442 1628 morti,

275 1657 364 1699 Vix
383 1657 545 1698 tandem
566 1656 727 1711 magnis
747 1653 879 1693 Ithaci
902 1651 1153 1693 clamoribus
1174 1653 1308 1707 aetus,

278 1729 504 1785 Conpofito
522 1728 680 1781 rumpit
700 1740 862 1776 vocem,
893 1735 934 1766 et
954 1740 1019 1766 me
1039 1725 1211 1768 destinat
1232 1743 1337 1770 arae.

276 1803 498 1844 Adsensere
517 1815 661 1841 omnes
683 1814 692 1840 :
725 1808 782 1850 et,
817 1813 921 1854 quae
942 1797 1013 1839 fibi
1037 1799 1210 1854 quisque
1231 1802 1417 1854 timebat,
1538 1815 1619 1861 130

278 1874 419 1915 Unius
442 1875 484 1914 in
506 1874 638 1914 miseri
660 1873 835 1914 exitium
857 1872 1050 1913 conversa
1072 1872 1214 1914 tulere.

278 1947 456 2001 Jamque
476 1946 559 1985 dies
582 1945 750 1985 infanda
770 1944 904 1984 aderat
924 1958 934 1984 t
968 1945 1069 1987 mihi
1093 1944 1202 1987 sacra
1223 1948 1372 2001 parari,

277 2018 334 2059 Et
354 2019 473 2060 salsae
494 2018 649 2073 fruges,
679 2027 720 2058 et
741 2018 900 2058 circum
921 2025 1106 2071 tempora
1126 2019 1270 2068 vittaeP

331 2177 345 2204 1
354 2177 415 2217 50.
729 2185 833 2194 -—
853 2164 889 2201 Y
883 2179 900 2201 e
917 2162 1018 2200 calm’
1022 2165 1049 2200 d
1058 2164 1115 2201 the
1128 2168 1224 2200 main

431 2217 532 2256 With
550 2215 662 2261 blood,
680 2232 727 2266 ye
746 2219 929 2261 Graiam,
958 2217 1034 2254 and
1046 2232 1070 2254 a
1088 2216 1333 2267 vtrginslain.
1341 2216 1358 2267 J

326 2301 423 2339 This
451 2300 575 2351 virgin
610 2313 683 2338 was
715 2300 915 2352 Iphigenia
946 2301 1008 2338 the
1041 2301 1228 2352 daughter
1247 2301 1292 2339 of
1316 2301 1618 2352 Agamemnon3

273 2355 398 2392 whom
433 2355 496 2390 the
528 2354 651 2390 oracle
670 2353 842 2391 declared
862 2353 956 2392 must
975 2353 1020 2390 be
1041 2353 1245 2399 sacrificed,
1275 2353 1401 2391 before
1433 2353 1495 2390 the
1517 2352 1617 2391 Gre-

275 2407 359 2444 cian
382 2407 469 2444 fleet
487 2405 609 2443 whlch
627 2406 686 2455 lay
707 2416 745 2443 at
765 2405 892 2450 Aulis,
922 2406 1034 2444 could
1053 2406 1182 2444 obtain
1213 2420 1233 2443 a
1263 2405 1482 2443 favourable
1513 2404 1616 2442 wind

274 2468 316 2496 to
344 2471 448 2508 carry
479 2458 509 2495 it
538 2467 576 2495 to
606 2459 668 2495 the
699 2459 797 2517 slege
829 2458 874 2495 of
895 2459 1015 2508 Troy.
1074 2460 1159 2497 One
1188 2458 1233 2497 of
1254 2457 1465 2508 Euripides’
1470 2471 1484 2494 s
1514 2457 1618 2494 finest

274 2510 489 2562 tragedies
479 2524 509 2547 15
529 2523 575 2548 on
597 2511 670 2548 this
698 2510 914 2562 interesting
942 2511 1021 2561 subj
1027 2512 1110 2556 εξὶς
1140 2511 1214 2548 and
1245 2511 1275 2547 it
1306 2512 1370 2547 has
1405 2510 1498 2546 been
1527 2508 1615 2546 imi-

275 2563 394 2607 tated,
424 2562 524 2600 and
514 2572 561 2599 its
581 2563 767 2653 principal
789 2563 958 2609 beauties
978 2526 1196 2610 ῐιῗιειηῦεὶῖεᾶ,
1225 2562 1265 2603 in
1284 2576 1353 2602 one
1373 2562 1417 2603 of
1438 2561 1596 2606 Racine’
1599 2574 1616 2601 s

276 2626 323 2653 nn
340 2615 403 2653 the
416 2614 512 2655 same
532 2613 669 2666 subject
