1685 3093
364 144 481 187 AD
572 142 964 186 LIBRVM
1056 143 1117 186 ΙΙ.
1347 162 1430 208 223

143 251 290 294 Suidas
311 249 477 306 quidem
510 249 552 288 in
585 249 666 300 his,
700 263 804 304 quae
826 249 968 300 tradit,
1000 263 1130 290 errare
1164 251 1235 292 vix
1258 253 1427 308 potuit;

81 341 180 369 nam
199 334 241 366 et
275 332 465 364 accurate
492 322 540 362 de
572 321 769 362 Pisandro
801 322 904 376 agit,
936 332 977 362 et
1007 323 1057 363 ab
1089 322 1220 364 altero
1247 325 1430 368 eiusdem

82 398 267 441 nominis
287 397 391 436 bene
424 410 520 435 eum
541 395 751 444 discernit,
784 388 859 434 nec
896 394 1019 434 facile
1046 395 1280 449 exemplum
1301 396 1433 441 simile

86 470 240 512 narrari
264 468 408 523 potest,
440 477 485 509 vt
513 468 762 522 antiquioris
796 476 938 519 poetae
973 482 1078 521 opus
1109 471 1327 512 recentiori
1350 476 1430 513 tri-

82 542 232 584 butum
254 540 394 582 fuerit.
456 540 617 582 Contra
652 541 868 579 innumera
890 539 982 579 sunt
999 543 1186 595 exempla
1206 545 1294 586 eius
1314 561 1428 590 erro-

82 616 156 666 ris,
188 629 274 670 quo
309 614 585 654 recentiorum
623 613 869 665 scriptorum
907 626 1030 663 opera
1067 613 1139 653 sub
1170 626 1355 659 veterum
1388 628 1434 661 et

81 688 291 730 clarorum
313 685 529 726 auetorum
546 684 804 734 nominibus,
837 684 1026 737 inprimis
1048 685 1075 725 fi
1097 686 1242 729 fimilia
1264 691 1372 733 inter
1392 694 1432 735 se

82 759 229 810 effent,
263 759 430 800 fuerunt
450 752 673 798 venditata.
736 757 838 798 Fuit
859 772 978 811 porro
1008 758 1087 799 hoc
1110 760 1269 804 serioris
1291 762 1429 806 Grae-

83 834 174 874 ciae
191 833 431 888 ingenium,
453 841 498 871 vt
518 830 752 871 fabularum
773 840 814 871 et
832 829 1091 873 historiarum
1113 843 1314 890 tanquam
1335 852 1429 879 cor·

84 919 184 960 pora
210 920 258 946 ac
280 906 420 959 potius
450 905 670 959 epitomas,
702 913 742 944 et
759 904 925 958 quidem
951 902 1149 955 verfibus,
1182 907 1428 961 conderent,

82 977 249 1031 hocque
286 976 430 1016 eodem
468 989 581 1016 more
625 974 668 1014 in
704 975 961 1030 cyclicorum
999 988 1212 1031 poetarum
1245 990 1429 1024 veterum

80 1063 203 1102 opera
223 1064 291 1089 eos
312 1048 386 1089 effe
409 1047 619 1103 graffatOS,
652 1046 770 1100 supra
792 1048 983 1089 vidimus.

141 1120 376 1162 Peccarunt
398 1121 525 1176 igitur
555 1118 854 1173 Grammatici,
887 1138 991 1177 quos
1019 1121 1266 1167 Macrobius
1288 1126 1429 1183 dispu-

83 1204 219 1235 tantes
253 1194 431 1245 inducit,
477 1205 518 1234 et
552 1195 734 1249 grauiter
766 1196 930 1250 vtique,
975 1206 1208 1251 temporum
1239 1200 1429 1252 ratione;

82 1267 196 1323 quod
228 1276 366 1307 autern
403 1267 446 1307 in
478 1267 662 1307 fraudem
698 1268 891 1308 inducere
927 1269 1080 1321 potuit,
1124 1268 1240 1309 fuiffe
1265 1270 1430 1313 videtur

86 1341 186 1391 hoc,
219 1339 330 1395 quod
353 1339 565 1393 antiquior
587 1348 708 1392 poeta
728 1354 776 1379 eo
805 1341 973 1380 nomine
1002 1339 1159 1390 floruit,
1191 1341 1258 1380 cui
1284 1355 1430 1383 recen-

86 1413 205 1453 tioris
228 1421 371 1466 poetae
396 1425 502 1465 opus
539 1410 643 1450 illud
665 1411 793 1465 vulgo
826 1421 912 1451 tum
943 1413 1217 1464 tribuerentffi
1241 1422 1283 1454 et
1302 1413 1433 1455 inter-

87 1483 284 1524 cefferant
304 1484 387 1523 iam
408 1483 516 1522 inter
538 1481 806 1522 Larandenfis
829 1482 941 1523 istius
962 1494 1003 1523 et
1016 1482 1227 1527 Macrobii
1249 1494 1435 1542 tempora

83 1557 253 1598 ducenti
275 1556 388 1597 anni.

142 1629 245 1670 Fuit
275 1629 434 1670 scilicet
466 1630 663 1683 antiquus
695 1638 815 1683 poeta
849 1627 1041 1670 Pisander
1072 1632 1182 1671 circa
1203 1631 1431 1675 XXXIII.
1467 1675 1469 1678 ,

87 1702 267 1760 Olymp.
292 1716 544 1757 quamquam
562 1702 631 1742 alii
655 1702 831 1742 Hefiodo
852 1703 1130 1757 antiquiorem
1160 1715 1200 1744 ct
1223 1704 1433 1761 Eumolpo

85 1776 301 1832 aequalem
321 1775 596 1825 tradiderunt,
622 1774 793 1816 Camiro
815 1774 954 1816 Rhodi
978 1777 1196 1827 oriundus,
1220 1778 1434 1822 Heracleae

84 1849 246 1900 auctor,
279 1850 321 1888 h.
344 1864 379 1889 e.
404 1849 598 1889 carminis
631 1848 821 1888 derebus
855 1850 903 1888 ab
939 1848 1119 1889 Hercule
1142 1850 1278 1906 gestis,
1310 1852 1432 1893 cuius

85 1937 171 1963 non
205 1921 447 1976 infrequens
480 1922 587 1961 inter
617 1918 929 1962 Grammaticos
962 1925 1131 1963 mentio.
1195 1923 1361 1965 Diserte
1382 1927 1433 1966 de

86 2009 136 2035 eo
156 1995 244 2050 agit
263 1993 425 2034 Suidas.
489 1995 543 2034 cf.
570 1992 737 2033 Kuster.
763 1994 810 2034 ad
828 2011 862 2034 e.
884 1995 911 2034 l.
936 1994 1095 2036 Meurs.
1121 1997 1163 2036 in
1193 1996 1346 2039 Rhodo
1366 1997 1431 2049 II,

91 2082 156 2111 11.
190 2066 352 2108 Stauer.
389 2077 431 2107 et
470 2066 699 2108 Muncker.
736 2067 784 2106 ad
821 2066 980 2123 Hygin.
1023 2068 1188 2109 Astron.
1214 2083 1281 2124 24.
1319 2070 1430 2111 Bur—

86 2153 231 2180 mann.
270 2137 328 2178 V.
363 2136 434 2179 Cl.
469 2139 516 2178 ad
551 2138 689 2179 vales.
715 2138 892 2180 Emend.
915 2138 1000 2190 IV,
1037 2156 1102 2195 14.
1138 2144 1209 2196 qui
1246 2141 1432 2184 Pisandri

85 2226 239 2253 nomen
261 2210 465 2265 praeclare
498 2211 688 2251 aduersus
719 2211 980 2252 substitutum
1014 2212 1248 2267 Terpandri
1273 2224 1428 2255 tuetur„

86 2285 289 2326 Tertium
324 2283 492 2339 quidem
524 2284 705 2338 aliquem
741 2281 984 2325 Pisandrum
1006 2290 1169 2339 poetam
1205 2287 1303 2327 facit
1339 2286 1430 2328 Va·-

84 2358 155 2399 les.
193 2358 242 2398 ad
272 2357 457 2412 Hesych.
493 2358 535 2397 in
566 2362 635 2400 Νὲς
666 2357 686 2392 ἑ
706 2357 808 2408 wag&
826 2359 1034 2408 Κενταύξως,
1065 2368 1106 2398 et
1137 2374 1233 2399 cum
1263 2375 1312 2400 eo
1340 2361 1428 2402 alii.

86 2430 165 2473 Sed
201 2432 245 2473 in
278 2430 420 2472 Schol.
459 2429 672 2485 Aristoph.
708 2430 837 2470 Auib.
866 2442 986 2484 1555.
1020 2430 1245 2481 κωμῳὲέμενος
1278 2432 1430 2486 aliquis

84 2501 281 2545 Pisander
300 2514 568 2554 memoratur,
600 2503 720 2544 cuius
743 2503 855 2558 saepe
875 2503 980 2558 apud
1003 2501 1144 2543 Schol.
1178 2505 1335 2545 mentio
1365 2504 1430 2558 fit,

85 2577 160 2632 qui
191 2578 315 2618 etiam
354 2575 541 2616 Platonis
586 2574 841 2615 comoediam
887 2590 937 2616 eo
982 2575 1150 2616 nomine
1192 2575 1431 2632 insignitam

84 2647 241 2689 laudat.
302 2647 420 2690 Adde
457 2646 627 2688 Suidam
658 2647 702 2687 in
717 2644 1041 2698 ἛιτιΠεισάνδςε,
1104 2647 1244 2689 Etiam
1278 2649 1429 2707 Piscin-

83 2721 198 2763 drum
223 2720 416 2778 Phyficum
430 2719 680 2776 Fulgentius
697 2721 852 2761 excitat
864 2719 1108 2778 Mytholog.
1133 2720 1172 2773 1,
1199 2735 1264 2778 14.
1287 2737 1431 2766 verum

82 2782 400 2836 'Grammaticus
434 2791 506 2835 ille
541 2794 586 2834 in
608 2793 852 2850 scriptorum
885 2795 1126 2837 nominibus
1163 2797 1338 2838 omnino
1375 2796 1432 2838 est

268 2882 292 2926 7
992 2869 1427 2912 contaminatiffimus.
