1685 3093
246 97 302 143 32
382 84 388 90 ·
590 71 1176 131 DISQVISITIO
1238 70 1276 120 1.

239 185 397 228 semina
429 192 500 224 aut
531 183 722 224 materias
744 182 865 222 modo
888 180 1007 222 rudes
1029 181 1151 222 modo
1175 181 1390 221 inchoatas
1412 194 1458 221 ac
1482 194 1601 234 prae*

240 260 439 300 formatas
474 272 524 297 ex
562 254 731 296 Graeco
767 254 911 309 aliquo
932 265 1053 308 poeta
1071 257 1249 294 excitare.
1282 255 1435 309 aliquis
1469 257 1599 307 poffits

241 331 386 385 Atqui
418 343 470 370 ex
504 326 682 370 Graccis
715 327 848 380 poetis
872 337 954 366 tam
977 326 1098 379 pauci
1120 327 1167 366 ad
1192 342 1266 368 nos
1288 338 1567 381 pernen-:runt
1584 345 1600 377 ς

239 402 344 456 quid
388 399 415 441 si
454 400 592 454 plures
632 396 758 438 effent
794 398 1043 452 superstites,
1076 398 1252 438 maxime
1286 398 1598 440 Alexandrini?

239 474 397 529 Neque
429 474 511 514 dici
551 471 698 525 potest,
730 471 824 510 casu
854 480 924 510 aut
945 472 1177 511 necestitate
1200 468 1412 512 Gramma]
1436 483 1476 513 et
1508 472 1600 513 Ro..

239 562 413 590 manum
438 556 618 600 poetam,
651 544 749 584 dum
770 545 946 585 eundem
971 559 1106 584 rerum
1132 555 1169 584 et
1206 545 1499 585 sententiarum
1529 559 1599 585 or-

242 621 335 662 bem
359 620 491 660 libero
514 619 663 659 inentis
696 628 832 658 meatu
856 631 1150 672 perungantur,
1171 618 1213 657 in
1239 617 1342 656 idem
1363 618 1601 670 phantasma

239 704 312 734 aut
336 693 496 733 sensum
519 701 558 731 et
580 692 735 731 dicium
760 691 941 731 incidere
975 691 1148 743 potuisse
1182 705 1227 730 ac
1264 689 1454 730 debuisse.
1517 688 1599 730 Fa-

239 766 355 807 &um
396 766 474 805 hoc
516 759 663 818 vtique
703 777 739 802 et
779 764 905 817 saepe.
984 762 1078 803 Nec
1120 763 1312 811 alterum,
1345 761 1455 815 quod
1496 761 1602 800 forte

238 854 425 889 moneas,
460 840 599 894 negari
634 836 780 891 potest,
814 838 947 876 multa
970 839 1104 889 passim
1129 838 1177 875 ab
1202 833 1372 883 Vriino,
1405 831 1601 883 Guellio,

239 912 394 962 Cerda,
429 911 620 960 Clarmo,
654 911 759 949 forte
787 919 828 947 et
859 908 907 947 ab
942 908 1034 946 aliis
1067 922 1139 959 pro
1173 908 1348 947 imitatis
1378 917 1419 946 et
1453 907 1604 946 adum-

238 987 368 1027 bratis
391 983 526 1024 afferri
549 993 699 1022 temere
721 991 761 1020 et
785 980 861 1020 sinc
890 981 1033 1019 iudicii
1058 982 1270 1030 acumine,
1305 994 1410 1034 quae
1446 980 1602 1033 partim

239 1057 556 1100 similitudinem
594 1064 779 1104 tanturn,
813 1055 1019 1093 interdum
1046 1064 1086 1093 et
1117 1054 1224 1093 hanc
1249 1054 1342 1093 satis
1366 1053 1600 1104 obscuram,

241 1131 441 1180 habeant,
476 1129 628 1183 partim
666 1128 766 1167 talia
804 1125 898 1176 sint,
934 1136 976 1166 vt
1014 1126 1134 1165 sanus
1176 1126 1351 1180 quisque
1384 1135 1425 1166 et
1464 1139 1601 1165 rerum

240 1203 482 1257 intelligens
528 1202 671 1251 homo,
705 1199 730 1240 fi
767 1198 926 1238 easdem
962 1212 1022 1237 res
1053 1209 1250 1251 exponat,
1285 1198 1425 1238 iisdem
1466 1197 1602 1239 modis

245 1292 294 1318 ac
315 1276 468 1326 verbis,
502 1275 644 1315 iisdem
676 1272 853 1313 senfibus
875 1286 922 1311 ac
949 1271 1162 1311 sententiis
1185 1271 1327 1311 vsurus
1349 1270 1426 1320 sit3
1460 1270 1602 1311 cuius·
1635 1319 1638 1321 ‚

240 1349 355 1391 modi
377 1349 510 1390 multa
531 1363 553 1387 a
584 1361 647 1387 me
678 1344 819 1386 omissa
854 1345 965 1393 sunt,
998 1343 1205 1384 nonnulla
1240 1358 1288 1384 eo
1319 1342 1492 1384 confilio
1527 1356 1601 1397 ap-

241 1422 386 1479 posita,
433 1431 479 1462 vt
514 1420 824 1474 comparatione
866 1417 973 1458 fafita
1013 1416 1231 1456 delecs’tent.
1309 1415 1386 1457 Sed
1426 1414 1602 1458 Maroni

239 1496 474 1537 innumeris
507 1495 549 1535 in
584 1494 687 1535 locis
713 1491 895 1541 Graeca,
928 1489 1099 1531 Homeri
1126 1490 1334 1545 inprimis,
1366 1498 1461 1529 ante
1496 1503 1601 1529 ocu-

242 1569 306 1610 los
330 1568 464 1619 fuisse,
497 1569 672 1622 probant
697 1567 832 1621 plura,
864 1573 905 1604 et
938 1563 1120 1617 primum
1148 1563 1318 1618 quidem
1347 1563 1476 1603 totius
1508 1575 1606 1601 car-⁷

242 1641 370 1681 minis
399 1639 619 1693 descriptio
640 1638 691 1678 ab
720 1636 906 1677 Homero
928 1637 1074 1689 petita,
1107 1645 1171 1676 tot
1196 1635 1333 1677 versus
1360 1636 1407 1676 ad
1430 1635 1602 1677 verbum

244 1712 376 1753 latine
403 1709 607 1761 conuersi,
641 1719 704 1750 tot
736 1709 847 1759 loca,
880 1723 985 1763 quae
1021 1707 1330 1763 exquisitiorem
1363 1707 1530 1749 cultum
1561 1717 1604 1749 et

242 1793 439 1826 ornatum
466 1783 530 1825 vel
553 1797 727 1823 acumen
752 1782 815 1823 vel
842 1781 1075 1822 doitrinam
1095 1791 1167 1821 aut
1194 1780 1307 1820 aliud
1331 1780 1430 1835 quid
1453 1795 1601 1822 recon-

244 1858 354 1899 ditae
386 1866 556 1897 naturae
590 1856 786 1910 produnt,
819 1869 924 1909 quae
964 1869 1011 1894 ea
1047 1852 1307 1909 fimplieitae,
1339 1863 1385 1894 vt
1424 1853 1602 1908 reliqua,

243 1930 540 1971 enuntiaturus
582 1938 685 1979 erat,
738 1926 812 1968 nifi
860 1925 1012 1977 fuisset,
1046 1927 1118 1981 qui
1160 1927 1242 1966 iam
1291 1936 1604 1980 occupauerat;

245 2017 367 2059 porro
389 2017 535 2059 graeca
561 2002 668 2042 ratio
690 1999 881 2042 fleetendi
903 2000 1025 2040 verba
1046 1999 1111 2040 vel
1141 1991 1390 2049 orationemi
1423 2014 1528 2054 quae
1549 1999 1600 2040 ad

246 2075 432 2117 indolem
464 2075 648 2129 poeticae
671 2073 864 2114 dictionis
897 2071 1158 2127 Virgilianae
1192 2082 1233 2112 et
1262 2073 1429 2128 genium
1472 2073 1602 2126 perti-

246 2158 348 2198 net3
382 2156 473 2187 tum
505 2155 647 2200 poetae
680 2143 803 2199 ipsuis
841 2146 1028 2200 professio
1068 2143 1153 2187 Ge.
1189 2143 1274 2192 III,
1314 2158 1377 2186 10.
1441 2144 1605 2186 Primus

245 2236 310 2275 ego
343 2221 384 2261 in
403 2220 579 2276 patriam
606 2218 925 2260 mecum-Aonio
953 2218 1102 2259 rediens
1130 2218 1310 2258 deducam
1331 2218 1474 2258 vertice
1495 2216 1602 2258 Mu-

238 2296 339 2352 sas3
371 2295 537 2335 tandem
559 2303 743 2333 veterum
773 2291 1017 2341 au&0ritas‚
1049 2300 1095 2331 vt
1125 2290 1302 2331 Senecae
1326 2289 1486 2331 Suasor-
1512 2287 1602 2336 ΙΙΙ,

247 2369 321 2423 qui
351 2367 585 2424 Virgilium
607 2382 678 2407 non
697 2364 947 2424 ficrripiendi
981 2364 1122 2419 caztſjc'e,
1143 2364 1219 2419 fid
1239 2363 1372 2418 palam
1401 2360 1602 2411 imitandi,

246 2441 310 2481 hoc
340 2441 484 2489 animo,
517 2451 562 2481 vt
590 2439 704 2481 vellet
735 2437 899 2493 agnosci,
931 2437 975 2476 in
1011 2435 1156 2477 multis
1189 2434 1366 2476 versibus
1402 2434 1505 2474 alios
1526 2448 1601 2474 ex-

248 2511 418 2566 preffisse
451 2513 640 2552 affirmat.
703 2509 929 2550 Manifesta
961 2510 1061 2548 haec
1084 2508 1331 2549 imitationis
1354 2506 1603 2546 Homericae

247 2584 416 2640 vestigia
449 2585 491 2624 in
529 2598 652 2639 quam
683 2582 858 2623 diuersas
881 2591 1015 2636 partes
1037 2581 1171 2622 laudis
1193 2581 1256 2622 vel
1279 2577 1601 2634 reprehensionis

250 2670 274 2695 a
295 2656 395 2696 viris
428 2655 559 2695 d0ffls
581 2655 738 2695 deflexa
759 2654 855 2704 sint,
878 2655 1054 2710 longum
1076 2653 1131 2694 cst
1151 2654 1298 2693 dicere.
1362 2650 1473 2690 Aliis
1495 2639 1601 2690 nihil

249 2728 435 2769 diuinius
471 2728 552 2769 fuit
593 2728 797 2769 imitatore
829 2726 1034 2783 Virgilio,
1064 2727 1156 2769 aliis
1187 2723 1294 2768 nihil
1335 2723 1516 2766 ieiunius
1561 2729 1604 2762 et

1410 2793 1599 2837 sterilius.
