1685 3093
247 114 344 160 DE
390 109 623 156 CARM.
669 107 908 153 EPICO
954 106 1255 150 VIRGIL.
1359 119 1419 162 41

78 224 183 264 tiam
205 220 271 261 seu
304 216 530 267 vafritiem,
562 230 667 271 quae
701 224 742 256 et
776 216 930 270 priscae
950 213 1073 255 aetati
1103 222 1145 253 et
1176 213 1296 267 epico
1331 226 1423 253 car-

80 295 184 337 mini
219 289 567 337 accommodatior
601 299 705 340 erat‚
737 303 863 343 quam
884 287 1096 341 sapientia,
1128 300 1226 326 cum
1259 285 1426 327 varian-

81 360 181 408 dum
212 374 253 406 et
284 362 523 404 nouandum
557 361 652 403 effet
682 361 842 416 aliquid
881 368 1040 414 poetae,
1072 357 1221 414 quidni
1258 356 1426 397 Aeneae

81 442 298 488 virtutem,
329 451 454 491 quam
489 450 589 476 cum
608 433 754 476 ceteris
776 433 970 474 heroibus
992 445 1256 474 communem
1284 431 1427 481 habet,

83 511 327 555 fortitudine
350 509 476 551 animi
506 509 547 549 in
572 506 822 562 perferendis
844 504 1149 546 calamitatibus
1169 510 1211 543 et
1229 502 1429 556 obsequio

81 600 180 640 erga
199 585 294 626 deos
319 590 564 635 temperaret
583 579 596 620 ?
629 580 696 621 Ad
719 580 798 619 hoc
818 593 911 619 eum
934 578 1018 631 ipsa
1038 590 1176 618 rerum
1195 588 1244 616 ac
1265 582 1428 628 tempo-

83 672 176 699 rum
197 665 355 697 mutata
388 655 492 695 ratio
513 653 704 702 ducebat,
735 661 775 692 et
801 665 865 701 ea,
895 663 998 704 quae
1019 648 1068 688 de
1090 648 1255 688 Aeneae
1275 647 1429 688 errori-

84 731 164 770 bus
200 739 242 768 et
262 729 443 768 aduentu
478 728 522 770 in
554 724 724 767 Latium
758 723 908 765 tradita
940 737 964 762 a
998 721 1275 775 superioribus
1297 719 1430 775 poetis

82 813 215 852 erant,
243 802 507 842 reuocabant.
569 798 750 840 Monitis
771 797 939 838 deorum
959 805 1001 835 et
1021 793 1201 835 oraculis
1220 793 1359 832 omnia
1378 792 1430 834 ab

84 877 226 917 Aenea
248 875 429 926 suscepta
448 883 489 913 et
509 871 713 921 constesta,
736 869 910 910 Penates
931 877 970 908 et
987 868 1097 908 sacra
1109 866 1242 920 patria
1257 866 1306 906 ab
1323 879 1370 904 eo
1384 866 1430 905 in

86 960 216 988 nouas
239 945 346 985 sedes
367 944 498 993 illata,
515 951 752 984 narrauerat
773 940 998 995 antiquitas
1017 957 1029 989 3
1051 939 1113 993 (v.
1137 937 1325 992 Disquis.
1341 935 1429 989 II.)

87 1019 189 1074 quid
213 1019 350 1072 itaque
381 1017 513 1070 magis
546 1016 603 1055 rei
641 1015 978 1062 consentaneum,
1011 1025 1138 1066 quam
1156 1019 1203 1052 vt
1222 1011 1342 1051 heros
1365 1010 1433 1050 in-

85 1091 210 1145 signis
232 1090 383 1144 pietate
415 1097 458 1128 et
491 1087 693 1142 religione
714 1085 1006 1127 exhiberetur?
1054 1084 1208 1140 Neque
1229 1098 1328 1126 vero
1347 1097 1434 1125 non

84 1162 223 1203 videre
258 1160 401 1200 debuit
432 1168 573 1199 tantus
605 1168 740 1213 poeta,
772 1158 821 1198 ad
853 1172 992 1200 rerum
1026 1157 1358 1212 magnitudinem
1392 1164 1436 1197 et

86 1232 299 1288 augustam
334 1232 517 1285 aliquam
551 1231 799 1287 dignitatem
835 1230 1045 1286 religiosas
1084 1243 1163 1280 τες,
1207 1228 1361 1270 cauffas
1389 1237 1436 1270 et

85 1304 273 1355 consilia,
305 1304 499 1344 eximiam
520 1304 605 1344 vim
626 1303 788 1343 habere.
849 1300 997 1356 Itaque
1025 1301 1104 1341 hoc
1126 1301 1292 1356 quidem
1324 1311 1434 1342 tam-

87 1392 214 1431 quam
235 1390 370 1416 rerum
391 1376 558 1416 cardine
574 1375 778 1428 praeclare
799 1374 855 1415 est
870 1374 984 1424 Vsus,
1015 1382 1061 1414 vt
1082 1373 1436 1426 praediffionibus

86 1450 211 1492 variis
233 1449 392 1490 animos
415 1449 480 1502 spe
513 1458 555 1488 et
575 1448 877 1503 e22spe6tatione
898 1454 1056 1487 teneret
1076 1446 1302 1500 suspensos,
1333 1446 1432 1486 reli-

86 1522 326 1577 giosamque
347 1521 528 1576 aliquam
556 1531 596 1561 et
628 1520 839 1576 augustam
861 1521 1036 1574 speciem
1056 1534 1193 1560 rerum
1213 1519 1436 1560 euentibus

87 1594 369 1651 praetenderet
390 1595 432 1634 *.
503 1594 748 1635 Achilleum
782 1594 951 1649 quidem
980 1593 1106 1634 robur
1143 1601 1185 1633 et
1222 1591 1438 1632 iracundia

90 1668 223 1708 aliena
242 1676 358 1706 erant
386 1680 409 1705 a
437 1673 526 1705 toto
549 1675 816 1720 argumento3
851 1665 986 1706 sedata
1022 1675 1065 1705 et
1085 1664 1247 1719 placida
1265 1673 1322 1705 ,et
1352 1665 1434 1704 hu-

89 1740 302 1780 manitatis
343 1738 459 1779 sensu
499 1746 724 1791 temperata
757 1736 813 1777 est
850 1738 1017 1778 Aeneae
1050 1738 1210 1788 virtus;
1255 1746 1296 1778 et
1333 1737 1436 1777 licet

90 1809 404 1852 concedendum
427 1808 492 1859 fit,
515 1810 675 1862 epicam
688 1810 774 1849 vim
795 1810 992 1850 maiorem
1009 1810 1172 1851 Achilli
1192 1808 1330 1860 ineffe,
1350 1823 1438 1850 non

90 1891 228 1927 tamen
251 1896 393 1923 omnes
414 1883 550 1935 epicas
583 1882 771 1935 personas
793 1880 1005 1921 Achillem
1036 1882 1184 1922 referre
1215 1881 1323 1936 poffe
1343 1895 1434 1922 ma-

90 1955 284 1998 nifestum
319 1954 389 1995 est.
452 1953 595 1995 Meras
630 1968 792 2010 pugnas
828 1953 1065 1995 Homericis
1086 1953 1236 1996 similes
1271 1963 1314 1995 et
1343 1953 1434 1995 bel·-

90 2029 249 2070 lainam
272 2027 557 2068 fortitudinem
578 2028 650 2068 vix
673 2024 875 2081 probasset
894 2025 1098 2080 Augustei
1119 2027 1243 2068 seculi
1265 2027 1434 2083 elegan-

92 2102 176 2142 tius
197 2110 238 2141 et
257 2101 426 2141 mollius
452 2101 668 2141 iudicium.
733 2098 844 2140 Cum
870 2099 1011 2153 itaque
1031 2101 1204 2141 omnino
1236 2100 1436 2140 Aeneidis

92 2174 198 2217 alius
220 2189 266 2214 ac
289 2173 473 2214 diuersus
496 2171 656 2226 prorsus
685 2169 732 2210 iit
761 2170 969 2211 clim-aeter
990 2186 1115 2225 quam
1143 2170 1306 2224 Iliadis,
1339 2173 1436 2226 quis

92 2261 177 2289 non
198 2247 310 2287 videt
333 2247 616 2300 importunum
637 2242 731 2294 effe,
755 2243 798 2284 in
816 2244 999 2284 Aeneide
1021 2245 1227 2299 requirere
1246 2259 1308 2294 ea,
1331 2257 1437 2298 quae

94 2317 215 2360 Iliadi
257 2317 336 2358 sint
375 2318 569 2372 propria3
602 2314 759 2356 easdem
799 2315 1031 2357 animorum
1071 2317 1436 2367 inflammationes,

94 2389 242 2440 aestus,
268 2387 550 2443 tempestates?
585 2388 647 2428 At
668 2389 811 2429 insunt
833 2388 1007 2429 Aeneidi
1023 2389 1119 2439 alia,
1143 2404 1248 2444 quae
1263 2389 1435 2442 probes;

95 2460 243 2521 quidni
266 2461 307 2501 in
330 2461 393 2501 his
414 2459 650 2514 acquiescas
669 2458 677 2499 i
729 2460 806 2500 Sed
836 2459 1049 2502 infinitum
1065 2459 1321 2501 effet.01'nnia
1336 2473 1436 2514 ‘per-

148 2669 167 2689 *
196 2669 345 2707 Multus
365 2671 415 2708 est
445 2670 594 2708 Seruius
614 2671 740 2722 passim
770 2670 808 2707 in
826 2671 913 2715 hoc,
942 2678 981 2707 vt
1003 2672 1172 2709 Aeneam
1193 2685 1238 2709 ex
1254 2670 1437 2710 Flaminis

98 2721 255 2780 alicuius
277 2723 334 2759 vel
356 2723 546 2760 Pontificis
566 2723 720 2773 persona
739 2723 850 2773 egisse
871 2722 1003 2760 doceat
1022 2737 1058 2761 v.
1077 2737 1110 2760 c.
1132 2725 1203 2761 IV.
1231 2737 1293 2773 ²9·
1318 2737 1438 2775 prauo

95 2786 225 2825 vtique
246 2775 436 2821 acumine,
466 2775 571 2814 cuius
592 2785 717 2814 tamen
733 2775 873 2814 fundus
893 2774 1030 2827 aliquis
1049 2775 1119 2814 effe
1139 2775 1286 2815 debuit.

1301 2845 1431 2902 sequi,
