1685 3093
348 110 463 155 AD
553 107 939 152 LIBRVM
1035 103 1096 156 Π,
1329 122 1406 154 221

66 217 320 263 Metrodorus
354 215 476 257 Chius
507 214 613 268 apud
647 215 909 256 Athenaeum
944 231 985 270 p.
1022 215 1117 269 184.
1152 213 1207 254 A.
1245 214 1410 255 tandem

49 291 311 348 'Hegqfianax
344 287 656 329 Alexandrinus
696 287 802 340 apud
848 286 973 326 eund.
1012 284 1094 326 IX.
1134 302 1173 340 p.
1216 301 1311 342 393.
1355 285 1407 327 E.

65 369 82 406 ὅ
116 365 162 402 τὰ
187 364 394 411 Κεφαλίωνος
429 363 678 411 ἐπιγραφόμενα
704 359 836 411 Τξωῖκὲι
861 358 995 402 συνθεῖς,
1040 358 1151 412 quod
1184 359 1240 398 ita
1280 359 1410 398 inter-

66 435 308 491 pretandum
348 435 538 485 arbitror,
583 442 630 474 vt
673 447 723 473 ex
765 433 916 472 maiore
958 430 1231 484 Cephalionis
1271 444 1410 485 opere,

64 507 286 548 Musarum
317 508 485 548 nominc
517 505 733 560 inscripto,
766 518 828 545 res
850 503 1059 545 Troianas
1091 514 1306 557 excerptas
1339 514 1411 545 aut

64 581 110 621 in
131 580 340 633 epitomen
376 579 576 634 redegerit
595 587 668 619 aut
687 578 963 631 ampliauerit.
1027 576 1104 617 Sed
1127 579 1276 617 horum
1307 592 1409 631 ope-

65 666 159 692 rurn
178 653 368 693 omnium
404 652 526 692 leffio
546 666 593 691 ac
616 651 725 691 fama
747 651 856 691 intra
885 664 1037 703 paucos
1058 651 1168 691 viros
1200 649 1341 691 doctos
1368 659 1411 691 et

65 725 176 765 intra
209 723 329 764 breue
350 734 510 777 tempus
533 721 748 763 substitisse
767 721 944 763 videtur.

125 795 255 837 Fuere
273 806 313 837 et
333 795 593 851 Tragoediae
614 793 773 835 Troiae
794 793 1004 834 excidium
1025 794 1150 835 titulo
1178 798 1408 849 praeferen-

65 876 156 909 tes:
189 868 249 907 vti
272 866 491 922 Iophontis
512 882 577 920 ap.
614 865 730 907 Suid.
768 866 809 906 h.
834 881 876 908 v.
905 880 955 907 ex
977 877 1087 907 certa
1106 869 1288 910 virorum
1309 871 1409 910 doc-

67 951 205 981 torum
236 940 539 990 emendatione,
570 948 612 979 et
648 937 867 993 Sophoclis
908 940 993 977 ἰλίε
1012 941 1134 982 ἅλωσις
1168 956 1233 994 ap.
1272 941 1407 984 Strab.

23 999 26 1002 ἱ
69 1011 201 1055 XIII.
236 1029 278 1067 p.
316 1014 412 1056 608.
476 1012 628 1067 Neque
662 1011 915 1053 Nicomachi
950 1017 1070 1064 Πέςσις
1101 1012 1307 1059 &naz-2552„
1328 1014 1411 1055 alio

64 1085 264 1126 trahenda
297 1084 372 1125 effe
403 1084 582 1134 videtur,
614 1093 658 1126 vt
691 1099 768 1125 nec
801 1083 1018 1126 Phormios
1052 1086 1137 1124 Ἰλίε
1160 1088 1335 1138 πόςθησιςς
1369 1097 1411 1129 at

65 1157 287 1198 Timothei
309 1159 436 1206 ‘ars'gcras
455 1155 472 1196 ἢ
493 1157 666 1201 Ναύπλιος
692 1158 773 1213 leg.
797 1159 923 1209 ωυξσοῖ
955 1158 1019 1199 vel
1042 1160 1175 1211 ωυςσά.
1238 1159 1307 1201 De
1331 1159 1410 1201 So-

68 1229 243 1284 phoclea
263 1239 399 1269 tamen
421 1229 560 1269 fabula
574 1230 792 1271 admodum
811 1232 1087 1272 dubitandum
1103 1231 1178 1273 effe
1200 1244 1410 1286 putamus,

68 1317 123 1343 an
146 1302 230 1343 vlla
252 1302 463 1342 exstiterit.
525 1301 639 1343 Nam
671 1305 853 1357 primum
883 1313 995 1344 totus
1022 1303 1092 1344 ille
1114 1306 1258 1346 locus:
1306 1313 1413 1355 Σοφο-

69 1380 147 1420 κλῆς
175 1380 236 1422 γ’ἐν
265 1380 291 1413 ἐν
317 1391 357 1416 τη
390 1374 513 1412 ἁλώσει
544 1381 588 1414 fn}
619 1375 701 1414 '1758
734 1377 934 1429 παξὲαλέαν
961 1378 1043 1426 φησὶ
1070 1378 1136 1430 mgb
1165 1381 1222 1420 τῆς
1240 1375 1343 1428 ἓύξας
1370 1381 1414 1416 ‘er'

66 1443 254 1496 Ἀντῆνοξος
283 1445 479 1494 ωξστεθῆναι
518 1445 686 1494 σύμβολον
724 1451 767 1483 τὲ
809 1448 990 1497 ἀπόξθητον
1028 1447 1159 1486 ἒαθῆναι
1195 1444 1251 1486 τὴν
1293 1449 1413 1492 οἷκῖαν,

69 1519 185 1551 totus
208 1511 335 1566 igitur
357 1509 427 1550 ille
449 1510 568 1550 locus
604 1511 653 1552 ab
675 1511 809 1552 aliena
836 1527 977 1562 manu,
1009 1513 1186 1568 margini
1215 1514 1319 1554 forte
1339 1529 1412 1569 ap-

73 1580 245 1637 positus,
292 1582 336 1622 in
372 1591 618 1623 contextum
656 1583 803 1624 venisse
837 1585 1026 1636 videtur;
1071 1601 1167 1626 nam
1210 1585 1414 1629 Demetrii

71 1653 224 1708 Scepfii
264 1655 542 1695 narrationem
570 1655 852 1709 intempestiue
885 1657 978 1697 satis
1009 1657 1287 1711 interrumpit,
1338 1675 1414 1701 nec

65 1742 168 1768 cum
187 1729 333 1768 ceteris
354 1729 569 1778 cohaeret3
601 1727 672 1768 etli
695 1743 756 1769 res
778 1728 861 1782 ipsa
880 1729 1002 1769 etiam
1025 1731 1130 1784 apud
1153 1730 1323 1772 Pausan.
1348 1733 1411 1781 X,

68 1814 140 1855 27.
166 1801 209 1841 in
233 1799 457 1857 Polygnoti
481 1800 621 1841 tabula
651 1802 848 1841 occurrit.
912 1800 988 1842 Sed
1014 1816 1054 1842 et
1070 1802 1246 1844 dubitari
1265 1805 1410 1858 potest,

67 1889 123 1915 an
154 1875 186 1914 is
219 1874 320 1928 ipse,
351 1875 423 1928 qui
445 1875 568 1914 verba
599 1873 820 1928 adscripsit,
853 1889 1001 1915 nouam
1025 1875 1208 1930 aliquam
1230 1878 1412 1919 fabulam

73 1944 293 2000 Sophoclis
329 1946 407 1985 hoc
430 1946 597 1985 nomine
617 1944 820 1985 declarare
842 1945 1033 1986 voluerit.
1094 1947 1273 1990 Narrare
1301 1952 1411 1991 enim

69 2017 239 2059 voluisse
260 2017 423 2058 videtur
443 2031 544 2067 rem,
578 2032 683 2071 quae
701 2028 822 2072 capta
839 2017 973 2058 Troia
990 2019 1097 2060 inter
1121 2032 1274 2063 ceteros
1299 2024 1412 2064 casus

69 2091 295 2146 contigerit
314 2109 326 2140 ;
359 2091 577 2144 multoque
610 2091 742 2146 magis
762 2105 807 2131 ea
826 2091 1004 2144 exposita
1025 2092 1100 2133 essie
1120 2094 1263 2134 debuit
1285 2096 1325 2135 in
1351 2096 1411 2136 fa·

70 2163 170 2203 bula
211 2161 442 2217 Sophoclea
478 2162 716 2214 Ἀντηνὸξιὲκι,
760 2166 895 2218 paffim
931 2179 952 2204 a
984 2167 1190 2208 veteribus
1231 2168 1409 2219 laudata,

71 2251 177 2290 quae
209 2235 256 2276 ad
287 2251 376 2276 eam
413 2237 688 2277 narrationem
720 2237 906 2278 instituta
941 2238 1056 2279 fuifl'e
1077 2241 1253 2289 videtur,
1286 2256 1412 2295 quam

73 2307 227 2365 Dictys
248 2324 297 2349 ex
320 2310 476 2364 tragico
496 2309 655 2364 aliquo,
679 2311 783 2351 forte
803 2326 852 2352 ex
875 2311 961 2365 ipso
980 2311 1200 2366 Sophocle,
1224 2315 1411 2367 exposuit

72 2382 148 2422 lib.
174 2380 230 2421 V.
254 2393 358 2422 extr.
392 2396 489 2422 cum
513 2382 717 2423 Antenori
748 2397 919 2439 regnum
942 2376 1177 2427 Tr‘oianum
1207 2402 1257 2428 ex
1294 2387 1413 2441 padio

68 2467 168 2494 cum
191 2451 366 2496 Graecis
384 2453 574 2494 relietum
596 2456 646 2496 ab
669 2457 810 2497 Aenea
831 2457 976 2498 frustra
997 2469 1194 2499 tentatur.

127 2526 205 2568 Sed
228 2529 308 2568 iam
343 2527 500 2568 dudum
523 2527 679 2581 possum
702 2529 828 2568 videri
854 2528 880 2568 s1
914 2544 998 2569 non
1022 2532 1153 2581 inani,
1188 2532 1321 2572 aliena
1345 2543 1405 2573 ta—

70 2613 164 2642 men
205 2615 228 2640 a
262 2611 398 2653 poeta,
434 2614 554 2653 opera
592 2600 813 2640 defunctus
853 2600 944 2652 effe,
978 2601 1176 2657 liquidem
1217 2605 1407 2646 luculen-

74 2673 222 2714 tiffimo
243 2671 454 2715 Macrobii
477 2672 561 2714 Sat.
590 2670 648 2722 V,
673 2686 711 2714 2.
750 2672 843 2715 loco
866 2675 958 2715 satis
981 2677 1059 2716 iam
1079 2676 1306 2731 expositum
1336 2678 1409 2729 est,

71 2758 198 2803 quem
219 2743 426 2804 Virgilius
461 2747 502 2786 in
533 2747 612 2788 hoc
635 2746 743 2787 libro
765 2745 834 2788 fibi
859 2747 1109 2801 proposltum
1132 2750 1320 2792 habuerit
1341 2764 1412 2789 ε·-

1283 2824 1315 2843 “
1348 2824 1405 2860 vel
