<?xml version="1.0" encoding="UTF-8"?>
<!DOCTYPE html PUBLIC "-//W3C//DTD XHTML 1.0 Transitional//EN"
    "http://www.w3.org/TR/xhtml1/DTD/xhtml1-transitional.dtd">
<html xmlns="http://www.w3.org/1999/xhtml" xml:lang="en" lang="en">
 <head>
  <title>
</title>
<meta http-equiv="Content-Type" content="text/html;charset=utf-8" />
  <meta name='ocr-system' content='tesseract 3.04.00' />
  <meta name='ocr-capabilities' content='ocr_page ocr_carea ocr_par ocr_line ocrx_word'/>
</head>
<body>
  <div class='ocr_page' id='page_1' title='image "./worksofvirgilinl02virg_0082.png"; bbox 0 0 1685 3093; ppageno 0'>
   <div class='ocr_carea' id='block_1_1' title="bbox 250 180 1595 240">
    <p class='ocr_par' dir='ltr' id='par_1_1' title="bbox 250 180 1595 240">
     <span class='ocr_line' id='line_1_1' title="bbox 250 180 1595 240; baseline 0.008 -16"><span class='ocrx_word' id='word_1_1' title='bbox 250 195 308 240; x_wconf 90' lang='lat'><strong>70</strong></span> <span class='ocrx_word' id='word_1_2' title='bbox 522 180 570 225; x_wconf 90' lang='grc' dir='ltr'><strong>Ρ.</strong></span> <span class='ocrx_word' id='word_1_3' title='bbox 596 183 816 226; x_wconf 79' lang='lat' dir='ltr'><strong>meLn</strong></span> <span class='ocrx_word' id='word_1_4' title='bbox 840 182 1074 227; x_wconf 62' lang='lat' dir='ltr'><strong>Manoms</strong></span> <span class='ocrx_word' id='word_1_5' title='bbox 1098 186 1294 230; x_wconf 75' lang='lat' dir='ltr'><strong>AENE13.</strong></span> <span class='ocrx_word' id='word_1_6' title='bbox 1428 187 1530 233; x_wconf 85' lang='lat' dir='ltr'><strong>Lib.</strong></span> <span class='ocrx_word' id='word_1_7' title='bbox 1555 203 1595 235; x_wconf 72' lang='grc' dir='ltr'><strong>Ξ.</strong></span> 
     </span>
    </p>
   </div>
   <div class='ocr_carea' id='block_1_2' title="bbox 230 287 1596 2026">
    <p class='ocr_par' dir='ltr' id='par_1_2' title="bbox 250 287 1188 345">
     <span class='ocr_line' id='line_1_2' title="bbox 250 287 1188 345; baseline 0.001 -16"><span class='ocrx_word' id='word_1_8' title='bbox 250 287 382 330; x_wconf 85' lang='lat' dir='ltr'><strong>Talia</strong></span> <span class='ocrx_word' id='word_1_9' title='bbox 397 287 570 345; x_wconf 55' lang='lat' dir='ltr'><strong>jactanti</strong></span> <span class='ocrx_word' id='word_1_10' title='bbox 595 287 765 328; x_wconf 85' lang='lat' dir='ltr'><strong>stridens</strong></span> <span class='ocrx_word' id='word_1_11' title='bbox 786 287 984 341; x_wconf 79' lang='lat' dir='ltr'><strong>aquilone</strong></span> <span class='ocrx_word' id='word_1_12' title='bbox 1007 288 1188 343; x_wconf 87' lang='lat' dir='ltr'><strong>procella</strong></span> 
     </span>
    </p>

    <p class='ocr_par' dir='ltr' id='par_1_3' title="bbox 249 358 1388 490">
     <span class='ocr_line' id='line_1_3' title="bbox 251 358 1388 414; baseline 0.004 -13"><span class='ocrx_word' id='word_1_13' title='bbox 251 360 408 402; x_wconf 75' lang='lat' dir='ltr'><strong>Velum</strong></span> <span class='ocrx_word' id='word_1_14' title='bbox 431 361 593 402; x_wconf 79' lang='lat' dir='ltr'><strong>adversa</strong></span> <span class='ocrx_word' id='word_1_15' title='bbox 615 360 726 409; x_wconf 87' lang='lat' dir='ltr'><strong>ferit,</strong></span> <span class='ocrx_word' id='word_1_16' title='bbox 759 358 1016 414; x_wconf 62' lang='lat' dir='ltr'><strong>fluetumquc</strong></span> <span class='ocrx_word' id='word_1_17' title='bbox 1038 361 1087 400; x_wconf 87' lang='lat' dir='ltr'><strong>ad</strong></span> <span class='ocrx_word' id='word_1_18' title='bbox 1111 359 1235 401; x_wconf 83' lang='lat' dir='ltr'><strong>fidera</strong></span> <span class='ocrx_word' id='word_1_19' title='bbox 1257 363 1388 406; x_wconf 84' lang='lat' dir='ltr'><strong>tollit.</strong></span> 
     </span>
     <span class='ocr_line' id='line_1_4' title="bbox 249 433 1344 490; baseline 0.003 -16"><span class='ocrx_word' id='word_1_20' title='bbox 249 433 521 490; x_wconf 74' lang='lat' dir='ltr'>Franguntur</span> <span class='ocrx_word' id='word_1_21' title='bbox 543 435 640 474; x_wconf 87' lang='lat' dir='ltr'><strong>remi</strong></span> <span class='ocrx_word' id='word_1_22' title='bbox 661 448 670 473; x_wconf 75' lang='grc' dir='ltr'><strong>ι</strong></span> <span class='ocrx_word' id='word_1_23' title='bbox 704 443 793 473; x_wconf 89' lang='lat' dir='ltr'><strong>turn</strong></span> <span class='ocrx_word' id='word_1_24' title='bbox 816 448 937 486; x_wconf 87' lang='lat' dir='ltr'><strong>prora</strong></span> <span class='ocrx_word' id='word_1_25' title='bbox 958 435 1125 484; x_wconf 88' lang='lat' dir='ltr'><strong>avertit,</strong></span> <span class='ocrx_word' id='word_1_26' title='bbox 1159 443 1199 474; x_wconf 87' lang='lat' dir='ltr'><strong>et</strong></span> <span class='ocrx_word' id='word_1_27' title='bbox 1221 436 1344 478; x_wconf 84' lang='lat' dir='ltr'><strong>undis</strong></span> 
     </span>
    </p>

    <p class='ocr_par' dir='ltr' id='par_1_4' title="bbox 243 506 1596 709">
     <span class='ocr_line' id='line_1_5' title="bbox 246 506 1546 563; baseline 0.003 -15"><span class='ocrx_word' id='word_1_28' title='bbox 246 506 335 548; x_wconf 74' lang='lat' dir='ltr'><strong>Dat</strong></span> <span class='ocrx_word' id='word_1_29' title='bbox 359 507 480 548; x_wconf 77' lang='lat' dir='ltr'><strong>latus.</strong></span> <span class='ocrx_word' id='word_1_30' title='bbox 542 507 774 561; x_wconf 77' lang='lat' dir='ltr'><strong>insequitur</strong></span> <span class='ocrx_word' id='word_1_31' title='bbox 795 508 965 548; x_wconf 81' lang='lat' dir='ltr'><strong>cumulo</strong></span> <span class='ocrx_word' id='word_1_32' title='bbox 988 518 1232 562; x_wconf 84' lang='lat' dir='ltr'><strong>praeruptus</strong></span> <span class='ocrx_word' id='word_1_33' title='bbox 1256 523 1388 563; x_wconf 89' lang='lat' dir='ltr'><strong>aquae</strong></span> <span class='ocrx_word' id='word_1_34' title='bbox 1409 516 1546 554; x_wconf 68' lang='lat' dir='ltr'><strong>monsL</strong></span> 
     </span>
     <span class='ocr_line' id='line_1_6' title="bbox 245 576 1596 635; baseline 0.003 -15"><span class='ocrx_word' id='word_1_35' title='bbox 245 579 302 621; x_wconf 89' lang='lat' dir='ltr'><strong>Hi</strong></span> <span class='ocrx_word' id='word_1_36' title='bbox 328 576 485 621; x_wconf 75' lang='lat' dir='ltr'><strong>summo</strong></span> <span class='ocrx_word' id='word_1_37' title='bbox 508 583 547 621; x_wconf 85' lang='lat' dir='ltr'><strong>in</strong></span> <span class='ocrx_word' id='word_1_38' title='bbox 572 581 701 621; x_wconf 58' lang='lat' dir='ltr'><strong>fluetu</strong></span> <span class='ocrx_word' id='word_1_39' title='bbox 724 581 930 635; x_wconf 82' lang='lat' dir='ltr'><strong>pendent:</strong></span> <span class='ocrx_word' id='word_1_40' title='bbox 964 582 1028 622; x_wconf 83' lang='lat' dir='ltr'><strong>his</strong></span> <span class='ocrx_word' id='word_1_41' title='bbox 1052 582 1161 622; x_wconf 84' lang='lat' dir='ltr'><strong>unda</strong></span> <span class='ocrx_word' id='word_1_42' title='bbox 1183 582 1395 625; x_wconf 85' lang='lat' dir='ltr'><strong>dehiscens</strong></span> <span class='ocrx_word' id='word_1_43' title='bbox 1514 587 1596 630; x_wconf 81' lang='lat'><strong>106</strong></span> 
     </span>
     <span class='ocr_line' id='line_1_7' title="bbox 243 651 1378 709; baseline 0.004 -16"><span class='ocrx_word' id='word_1_44' title='bbox 243 651 423 695; x_wconf 81' lang='lat' dir='ltr'>Terram</span> <span class='ocrx_word' id='word_1_45' title='bbox 447 656 553 696; x_wconf 87' lang='lat' dir='ltr'><strong>inter</strong></span> <span class='ocrx_word' id='word_1_46' title='bbox 574 654 724 695; x_wconf 60' lang='lat' dir='ltr'><strong>flud&#39;ms</strong></span> <span class='ocrx_word' id='word_1_47' title='bbox 746 655 889 709; x_wconf 83' lang='lat' dir='ltr'><strong>aperit.</strong></span> <span class='ocrx_word' id='word_1_48' title='bbox 952 656 1053 695; x_wconf 90' lang='lat' dir='ltr'><strong>furit</strong></span> <span class='ocrx_word' id='word_1_49' title='bbox 1074 655 1203 696; x_wconf 80' lang='lat' dir='ltr'><strong>aestus</strong></span> <span class='ocrx_word' id='word_1_50' title='bbox 1227 657 1378 698; x_wconf 85' lang='lat' dir='ltr'><strong>arenis.</strong></span> 
     </span>
    </p>

    <p class='ocr_par' dir='ltr' id='par_1_5' title="bbox 243 727 1306 783">
     <span class='ocr_line' id='line_1_8' title="bbox 243 727 1306 783; baseline 0.002 -15"><span class='ocrx_word' id='word_1_51' title='bbox 243 727 348 768; x_wconf 66' lang='lat' dir='ltr'><strong>Tris</strong></span> <span class='ocrx_word' id='word_1_52' title='bbox 371 738 495 768; x_wconf 82' lang='lat' dir='ltr'><strong>notus</strong></span> <span class='ocrx_word' id='word_1_53' title='bbox 519 729 706 782; x_wconf 75' lang='lat' dir='ltr'><strong>abreptas</strong></span> <span class='ocrx_word' id='word_1_54' title='bbox 730 729 773 768; x_wconf 90' lang='lat' dir='ltr'><strong>in</strong></span> <span class='ocrx_word' id='word_1_55' title='bbox 797 729 889 768; x_wconf 83' lang='lat' dir='ltr'><strong>saxa</strong></span> <span class='ocrx_word' id='word_1_56' title='bbox 910 728 1083 768; x_wconf 80' lang='lat' dir='ltr'><strong>latentia</strong></span> <span class='ocrx_word' id='word_1_57' title='bbox 1106 738 1276 783; x_wconf 81' lang='lat' dir='ltr'><strong>torquet</strong></span> <span class='ocrx_word' id='word_1_58' title='bbox 1297 744 1306 770; x_wconf 90' lang='lat'><strong>:</strong></span> 
     </span>
    </p>

    <p class='ocr_par' dir='ltr' id='par_1_6' title="bbox 240 800 1592 1002">
     <span class='ocr_line' id='line_1_9' title="bbox 243 800 1408 856; baseline 0.003 -15"><span class='ocrx_word' id='word_1_59' title='bbox 243 800 350 842; x_wconf 77' lang='lat' dir='ltr'><strong>Saxa</strong></span> <span class='ocrx_word' id='word_1_60' title='bbox 371 811 522 844; x_wconf 85' lang='lat' dir='ltr'><strong>vocant</strong></span> <span class='ocrx_word' id='word_1_61' title='bbox 545 801 660 852; x_wconf 75' lang='lat' dir='ltr'><strong>Itali,</strong></span> <span class='ocrx_word' id='word_1_62' title='bbox 694 803 837 842; x_wconf 79' lang='lat' dir='ltr'><strong>mediis</strong></span> <span class='ocrx_word' id='word_1_63' title='bbox 860 817 966 856; x_wconf 83' lang='lat' dir='ltr'><strong>quae</strong></span> <span class='ocrx_word' id='word_1_64' title='bbox 989 803 1031 842; x_wconf 87' lang='lat' dir='ltr'><strong>in</strong></span> <span class='ocrx_word' id='word_1_65' title='bbox 1054 803 1268 852; x_wconf 59' lang='lat' dir='ltr'><strong>fluetibus,</strong></span> <span class='ocrx_word' id='word_1_66' title='bbox 1302 817 1408 844; x_wconf 85' lang='lat' dir='ltr'><strong>aras.</strong></span> 
     </span>
     <span class='ocr_line' id='line_1_10' title="bbox 241 871 1592 919; baseline 0.004 -6"><span class='ocrx_word' id='word_1_67' title='bbox 241 871 425 914; x_wconf 84' lang='lat' dir='ltr'>Dorsum</span> <span class='ocrx_word' id='word_1_68' title='bbox 450 875 615 915; x_wconf 83' lang='lat' dir='ltr'><strong>inmane</strong></span> <span class='ocrx_word' id='word_1_69' title='bbox 637 876 737 915; x_wconf 85' lang='lat' dir='ltr'><strong>mari</strong></span> <span class='ocrx_word' id='word_1_70' title='bbox 761 875 936 914; x_wconf 87' lang='lat' dir='ltr'><strong>summo.</strong></span> <span class='ocrx_word' id='word_1_71' title='bbox 999 875 1072 915; x_wconf 85' lang='lat' dir='ltr'><strong>tris</strong></span> <span class='ocrx_word' id='word_1_72' title='bbox 1095 874 1233 915; x_wconf 80' lang='lat' dir='ltr'><strong>Eurus</strong></span> <span class='ocrx_word' id='word_1_73' title='bbox 1255 874 1305 915; x_wconf 88' lang='lat' dir='ltr'><strong>ab</strong></span> <span class='ocrx_word' id='word_1_74' title='bbox 1324 874 1410 917; x_wconf 88' lang='lat' dir='ltr'><strong>alto</strong></span> <span class='ocrx_word' id='word_1_75' title='bbox 1513 889 1592 919; x_wconf 84' lang='lat'><strong>110</strong></span> 
     </span>
     <span class='ocr_line' id='line_1_11' title="bbox 240 943 1255 1002; baseline 0.001 -16"><span class='ocrx_word' id='word_1_76' title='bbox 240 943 292 986; x_wconf 92' lang='lat' dir='ltr'><strong>In</strong></span> <span class='ocrx_word' id='word_1_77' title='bbox 315 947 452 987; x_wconf 63' lang='lat' dir='ltr'><strong>brevia</strong></span> <span class='ocrx_word' id='word_1_78' title='bbox 471 959 511 987; x_wconf 89' lang='lat' dir='ltr'><strong>et</strong></span> <span class='ocrx_word' id='word_1_79' title='bbox 534 946 666 1002; x_wconf 86' lang='lat' dir='ltr'><strong>Syrtis</strong></span> <span class='ocrx_word' id='word_1_80' title='bbox 689 956 856 1001; x_wconf 83' lang='lat' dir='ltr'><strong>urguet,</strong></span> <span class='ocrx_word' id='word_1_81' title='bbox 888 946 1117 987; x_wconf 74' lang='lat' dir='ltr'><strong>miserabile</strong></span> <span class='ocrx_word' id='word_1_82' title='bbox 1139 947 1255 998; x_wconf 83' lang='lat' dir='ltr'><strong>visu;</strong></span> 
     </span>
    </p>

    <p class='ocr_par' dir='ltr' id='par_1_7' title="bbox 237 1014 1284 1076">
     <span class='ocr_line' id='line_1_12' title="bbox 237 1014 1284 1076; baseline 0.001 -17"><span class='ocrx_word' id='word_1_83' title='bbox 237 1014 468 1074; x_wconf 84' lang='lat' dir='ltr'><strong>Inliditque</strong></span> <span class='ocrx_word' id='word_1_84' title='bbox 489 1020 621 1070; x_wconf 77' lang='lat' dir='ltr'><strong>vadis,</strong></span> <span class='ocrx_word' id='word_1_85' title='bbox 653 1029 778 1074; x_wconf 86' lang='lat' dir='ltr'><strong>atque</strong></span> <span class='ocrx_word' id='word_1_86' title='bbox 799 1035 945 1076; x_wconf 76' lang='lat' dir='ltr'><strong>aggere</strong></span> <span class='ocrx_word' id='word_1_87' title='bbox 965 1021 1099 1076; x_wconf 80' lang='lat' dir='ltr'><strong>cingit</strong></span> <span class='ocrx_word' id='word_1_88' title='bbox 1121 1035 1284 1061; x_wconf 81' lang='lat' dir='ltr'><strong>arenae.</strong></span> 
     </span>
    </p>

    <p class='ocr_par' dir='ltr' id='par_1_8' title="bbox 238 1090 1382 1148">
     <span class='ocr_line' id='line_1_13' title="bbox 238 1090 1382 1148; baseline 0.003 -17"><span class='ocrx_word' id='word_1_89' title='bbox 238 1090 397 1142; x_wconf 87' lang='lat' dir='ltr'><strong>Unam,</strong></span> <span class='ocrx_word' id='word_1_90' title='bbox 431 1107 535 1146; x_wconf 83' lang='lat' dir='ltr'><strong>quae</strong></span> <span class='ocrx_word' id='word_1_91' title='bbox 558 1091 713 1148; x_wconf 85' lang='lat' dir='ltr'><strong>Lycios</strong></span> <span class='ocrx_word' id='word_1_92' title='bbox 735 1091 949 1147; x_wconf 86' lang='lat' dir='ltr'><strong>fidumque</strong></span> <span class='ocrx_word' id='word_1_93' title='bbox 970 1093 1144 1132; x_wconf 56' lang='lat' dir='ltr'><strong>vehebat</strong></span> <span class='ocrx_word' id='word_1_94' title='bbox 1167 1092 1382 1145; x_wconf 84' lang='lat' dir='ltr'><strong>Oronten,</strong></span> 
     </span>
    </p>

    <p class='ocr_par' dir='ltr' id='par_1_9' title="bbox 235 1163 1209 1221">
     <span class='ocr_line' id='line_1_14' title="bbox 235 1163 1209 1221; baseline 0.001 -15"><span class='ocrx_word' id='word_1_95' title='bbox 235 1163 365 1220; x_wconf 81' lang='lat' dir='ltr'><strong>Ipsius</strong></span> <span class='ocrx_word' id='word_1_96' title='bbox 387 1176 481 1206; x_wconf 83' lang='lat' dir='ltr'><strong>ante</strong></span> <span class='ocrx_word' id='word_1_97' title='bbox 503 1166 647 1207; x_wconf 88' lang='lat' dir='ltr'><strong>oculos</strong></span> <span class='ocrx_word' id='word_1_98' title='bbox 670 1167 816 1221; x_wconf 74' lang='lat' dir='ltr'><strong>ingens</strong></span> <span class='ocrx_word' id='word_1_99' title='bbox 839 1181 861 1206; x_wconf 86' lang='lat' dir='ltr'><strong>a</strong></span> <span class='ocrx_word' id='word_1_100' title='bbox 881 1167 1034 1208; x_wconf 84' lang='lat' dir='ltr'><strong>vertice</strong></span> <span class='ocrx_word' id='word_1_101' title='bbox 1054 1176 1209 1220; x_wconf 80' lang='lat' dir='ltr'><strong>pontus</strong></span> 
     </span>
    </p>

    <p class='ocr_par' dir='ltr' id='par_1_10' title="bbox 234 1237 1587 1366">
     <span class='ocr_line' id='line_1_15' title="bbox 234 1237 1587 1295; baseline 0.001 -15"><span class='ocrx_word' id='word_1_102' title='bbox 234 1237 287 1280; x_wconf 87' lang='lat' dir='ltr'><strong>In</strong></span> <span class='ocrx_word' id='word_1_103' title='bbox 309 1240 481 1294; x_wconf 84' lang='lat' dir='ltr'><strong>puppim</strong></span> <span class='ocrx_word' id='word_1_104' title='bbox 506 1240 613 1279; x_wconf 87' lang='lat' dir='ltr'><strong>ferit.</strong></span> <span class='ocrx_word' id='word_1_105' title='bbox 675 1238 906 1289; x_wconf 83' lang='lat' dir='ltr'><strong>excutitur,</strong></span> <span class='ocrx_word' id='word_1_106' title='bbox 940 1239 1175 1293; x_wconf 87' lang='lat' dir='ltr'><strong>pronusque</strong></span> <span class='ocrx_word' id='word_1_107' title='bbox 1196 1237 1388 1294; x_wconf 83' lang='lat' dir='ltr'><strong>magister</strong></span> <span class='ocrx_word' id='word_1_108' title='bbox 1507 1251 1587 1295; x_wconf 79' lang='lat'><strong>115</strong></span> 
     </span>
     <span class='ocr_line' id='line_1_16' title="bbox 234 1311 1355 1366; baseline -0.002 -13"><span class='ocrx_word' id='word_1_109' title='bbox 234 1311 438 1354; x_wconf 85' lang='lat' dir='ltr'><strong>Volvitur</strong></span> <span class='ocrx_word' id='word_1_110' title='bbox 460 1314 503 1354; x_wconf 89' lang='lat' dir='ltr'><strong>in</strong></span> <span class='ocrx_word' id='word_1_111' title='bbox 525 1322 664 1366; x_wconf 84' lang='lat' dir='ltr'><strong>caput.</strong></span> <span class='ocrx_word' id='word_1_112' title='bbox 727 1312 782 1353; x_wconf 89' lang='lat' dir='ltr'><strong>ast</strong></span> <span class='ocrx_word' id='word_1_113' title='bbox 807 1312 922 1353; x_wconf 86' lang='lat' dir='ltr'><strong>illam</strong></span> <span class='ocrx_word' id='word_1_114' title='bbox 945 1322 1006 1352; x_wconf 82' lang='lat' dir='ltr'><strong>ter</strong></span> <span class='ocrx_word' id='word_1_115' title='bbox 1029 1311 1179 1352; x_wconf 60' lang='lat' dir='ltr'><strong>fluctus</strong></span> <span class='ocrx_word' id='word_1_116' title='bbox 1203 1311 1355 1351; x_wconf 85' lang='lat' dir='ltr'><strong>ibidem</strong></span> 
     </span>
    </p>

    <p class='ocr_par' dir='ltr' id='par_1_11' title="bbox 233 1383 1555 1515">
     <span class='ocr_line' id='line_1_17' title="bbox 233 1383 1555 1442; baseline -0.001 -16"><span class='ocrx_word' id='word_1_117' title='bbox 233 1383 435 1441; x_wconf 87' lang='lat' dir='ltr'><strong>Torquet</strong></span> <span class='ocrx_word' id='word_1_118' title='bbox 456 1401 578 1442; x_wconf 79' lang='lat' dir='ltr'><strong>agens</strong></span> <span class='ocrx_word' id='word_1_119' title='bbox 601 1387 778 1436; x_wconf 86' lang='lat' dir='ltr'><strong>circum,</strong></span> <span class='ocrx_word' id='word_1_120' title='bbox 811 1394 852 1426; x_wconf 87' lang='lat' dir='ltr'><strong>et</strong></span> <span class='ocrx_word' id='word_1_121' title='bbox 875 1385 1038 1439; x_wconf 84' lang='lat' dir='ltr'><strong>rapidus</strong></span> <span class='ocrx_word' id='word_1_122' title='bbox 1059 1395 1175 1425; x_wconf 85' lang='lat' dir='ltr'><strong>vorat</strong></span> <span class='ocrx_word' id='word_1_123' title='bbox 1196 1399 1372 1439; x_wconf 88' lang='lat' dir='ltr'><strong>aequore</strong></span> <span class='ocrx_word' id='word_1_124' title='bbox 1392 1393 1555 1426; x_wconf 85' lang='lat' dir='ltr'><strong>vortex.</strong></span> 
     </span>
     <span class='ocr_line' id='line_1_18' title="bbox 233 1459 1126 1515; baseline 0 -16"><span class='ocrx_word' id='word_1_125' title='bbox 233 1459 448 1514; x_wconf 81' lang='lat' dir='ltr'><strong>Adparent</strong></span> <span class='ocrx_word' id='word_1_126' title='bbox 469 1460 545 1500; x_wconf 82' lang='lat' dir='ltr'><strong>rari</strong></span> <span class='ocrx_word' id='word_1_127' title='bbox 568 1469 714 1499; x_wconf 83' lang='lat' dir='ltr'><strong>nantes</strong></span> <span class='ocrx_word' id='word_1_128' title='bbox 738 1460 780 1499; x_wconf 89' lang='lat' dir='ltr'><strong>in</strong></span> <span class='ocrx_word' id='word_1_129' title='bbox 802 1460 964 1515; x_wconf 79' lang='lat' dir='ltr'><strong>gurgite</strong></span> <span class='ocrx_word' id='word_1_130' title='bbox 986 1459 1126 1509; x_wconf 84' lang='lat' dir='ltr'><strong>vasto3</strong></span> 
     </span>
    </p>

    <p class='ocr_par' dir='ltr' id='par_1_12' title="bbox 232 1532 1449 1588">
     <span class='ocr_line' id='line_1_19' title="bbox 232 1532 1449 1588; baseline 0.002 -16"><span class='ocrx_word' id='word_1_131' title='bbox 232 1532 365 1573; x_wconf 87' lang='lat' dir='ltr'><strong>Arma</strong></span> <span class='ocrx_word' id='word_1_132' title='bbox 383 1533 537 1583; x_wconf 70' lang='lat' dir='ltr'><strong>virum,</strong></span> <span class='ocrx_word' id='word_1_133' title='bbox 569 1533 833 1586; x_wconf 80' lang='lat' dir='ltr'><strong>tabulaeque,</strong></span> <span class='ocrx_word' id='word_1_134' title='bbox 866 1543 907 1572; x_wconf 92' lang='lat' dir='ltr'><strong>et</strong></span> <span class='ocrx_word' id='word_1_135' title='bbox 928 1532 1063 1573; x_wconf 73' lang='lat' dir='ltr'><strong>Troia</strong></span> <span class='ocrx_word' id='word_1_136' title='bbox 1084 1547 1190 1588; x_wconf 84' lang='lat' dir='ltr'><strong>gaza</strong></span> <span class='ocrx_word' id='word_1_137' title='bbox 1210 1547 1281 1586; x_wconf 92' lang='lat' dir='ltr'><strong>per</strong></span> <span class='ocrx_word' id='word_1_138' title='bbox 1303 1532 1449 1575; x_wconf 83' lang='lat' dir='ltr'><strong>undas.</strong></span> 
     </span>
    </p>

    <p class='ocr_par' dir='ltr' id='par_1_13' title="bbox 232 1604 1582 1734">
     <span class='ocr_line' id='line_1_20' title="bbox 233 1604 1582 1661; baseline 0.001 -17"><span class='ocrx_word' id='word_1_139' title='bbox 233 1604 328 1658; x_wconf 75' lang='lat' dir='ltr'><strong>Jam</strong></span> <span class='ocrx_word' id='word_1_140' title='bbox 350 1605 528 1646; x_wconf 88' lang='lat' dir='ltr'><strong>validam</strong></span> <span class='ocrx_word' id='word_1_141' title='bbox 551 1604 700 1645; x_wconf 86' lang='lat' dir='ltr'><strong>Ilionei</strong></span> <span class='ocrx_word' id='word_1_142' title='bbox 722 1619 888 1656; x_wconf 87' lang='lat' dir='ltr'><strong>navem,</strong></span> <span class='ocrx_word' id='word_1_143' title='bbox 914 1607 1001 1661; x_wconf 79' lang='lat' dir='ltr'><strong>jam</strong></span> <span class='ocrx_word' id='word_1_144' title='bbox 1025 1606 1143 1646; x_wconf 88' lang='lat' dir='ltr'><strong>fortis</strong></span> <span class='ocrx_word' id='word_1_145' title='bbox 1166 1606 1372 1657; x_wconf 87' lang='lat' dir='ltr'><strong>Achatae,</strong></span> <span class='ocrx_word' id='word_1_146' title='bbox 1501 1618 1582 1650; x_wconf 83' lang='lat'><strong>120</strong></span> 
     </span>
     <span class='ocr_line' id='line_1_21' title="bbox 232 1675 1355 1734; baseline 0.002 -17"><span class='ocrx_word' id='word_1_147' title='bbox 232 1675 289 1717; x_wconf 87' lang='lat' dir='ltr'><strong>Et</strong></span> <span class='ocrx_word' id='word_1_148' title='bbox 311 1691 393 1731; x_wconf 87' lang='lat' dir='ltr'><strong>qua</strong></span> <span class='ocrx_word' id='word_1_149' title='bbox 414 1677 555 1719; x_wconf 57' lang='lat' dir='ltr'><strong>vectus</strong></span> <span class='ocrx_word' id='word_1_150' title='bbox 578 1678 712 1728; x_wconf 84' lang='lat' dir='ltr'><strong>Abas,</strong></span> <span class='ocrx_word' id='word_1_151' title='bbox 742 1687 783 1718; x_wconf 91' lang='lat' dir='ltr'><strong>et</strong></span> <span class='ocrx_word' id='word_1_152' title='bbox 805 1693 888 1733; x_wconf 87' lang='lat' dir='ltr'><strong>qua</strong></span> <span class='ocrx_word' id='word_1_153' title='bbox 909 1678 1168 1734; x_wconf 82' lang='lat' dir='ltr'><strong>grandaevus</strong></span> <span class='ocrx_word' id='word_1_154' title='bbox 1192 1677 1355 1730; x_wconf 85' lang='lat' dir='ltr'><strong>Aletes,</strong></span> 
     </span>
    </p>

    <p class='ocr_par' dir='ltr' id='par_1_14' title="bbox 230 1744 1388 1877">
     <span class='ocr_line' id='line_1_22' title="bbox 231 1744 1334 1804; baseline 0.003 -15"><span class='ocrx_word' id='word_1_155' title='bbox 231 1744 353 1790; x_wconf 81' lang='lat' dir='ltr'><strong>Vicit</strong></span> <span class='ocrx_word' id='word_1_156' title='bbox 371 1751 520 1791; x_wconf 85' lang='lat' dir='ltr'><strong>hiems.</strong></span> <span class='ocrx_word' id='word_1_157' title='bbox 582 1752 689 1792; x_wconf 82' lang='lat' dir='ltr'><strong>laxis</strong></span> <span class='ocrx_word' id='word_1_158' title='bbox 713 1751 887 1791; x_wconf 87' lang='lat' dir='ltr'><strong>laterum</strong></span> <span class='ocrx_word' id='word_1_159' title='bbox 909 1750 1167 1804; x_wconf 79' lang='lat' dir='ltr'><strong>conpagibus</strong></span> <span class='ocrx_word' id='word_1_160' title='bbox 1189 1765 1334 1792; x_wconf 89' lang='lat' dir='ltr'><strong>omnes</strong></span> 
     </span>
     <span class='ocr_line' id='line_1_23' title="bbox 230 1823 1388 1877; baseline 0.003 -15"><span class='ocrx_word' id='word_1_161' title='bbox 230 1823 466 1876; x_wconf 86' lang='lat' dir='ltr'><strong>Accipiunt</strong></span> <span class='ocrx_word' id='word_1_162' title='bbox 490 1824 709 1865; x_wconf 85' lang='lat' dir='ltr'><strong>inimicum</strong></span> <span class='ocrx_word' id='word_1_163' title='bbox 732 1824 923 1874; x_wconf 84' lang='lat' dir='ltr'><strong>imbrem,</strong></span> <span class='ocrx_word' id='word_1_164' title='bbox 956 1823 1152 1877; x_wconf 88' lang='lat' dir='ltr'><strong>rimisque</strong></span> <span class='ocrx_word' id='word_1_165' title='bbox 1175 1824 1388 1865; x_wconf 76' lang='lat' dir='ltr'><strong>fatiscunt.</strong></span> 
     </span>
    </p>

    <p class='ocr_par' dir='ltr' id='par_1_15' title="bbox 231 1891 1193 1953">
     <span class='ocr_line' id='line_1_24' title="bbox 231 1891 1193 1953; baseline 0.002 -19"><span class='ocrx_word' id='word_1_166' title='bbox 231 1891 394 1953; x_wconf 84' lang='lat' dir='ltr'><strong>Interea</strong></span> <span class='ocrx_word' id='word_1_167' title='bbox 414 1911 566 1953; x_wconf 86' lang='lat' dir='ltr'><strong>magno</strong></span> <span class='ocrx_word' id='word_1_168' title='bbox 587 1898 745 1938; x_wconf 88' lang='lat' dir='ltr'><strong>misceri</strong></span> <span class='ocrx_word' id='word_1_169' title='bbox 768 1911 977 1937; x_wconf 88' lang='lat' dir='ltr'><strong>murmure</strong></span> <span class='ocrx_word' id='word_1_170' title='bbox 999 1906 1193 1950; x_wconf 86' lang='lat' dir='ltr'><strong>pontum,</strong></span> 
     </span>
    </p>

    <p class='ocr_par' dir='ltr' id='par_1_16' title="bbox 230 1963 1577 2026">
     <span class='ocr_line' id='line_1_25' title="bbox 230 1963 1577 2026; baseline 0.004 -17"><span class='ocrx_word' id='word_1_171' title='bbox 230 1963 512 2024; x_wconf 82' lang='lat' dir='ltr'><strong>Emiffamque</strong></span> <span class='ocrx_word' id='word_1_172' title='bbox 533 1971 707 2012; x_wconf 88' lang='lat' dir='ltr'><strong>hiemem</strong></span> <span class='ocrx_word' id='word_1_173' title='bbox 730 1969 849 2012; x_wconf 78' lang='lat' dir='ltr'><strong>sensit</strong></span> <span class='ocrx_word' id='word_1_174' title='bbox 869 1969 1117 2026; x_wconf 84' lang='lat' dir='ltr'><strong>Neptunus,</strong></span> <span class='ocrx_word' id='word_1_175' title='bbox 1148 1980 1188 2013; x_wconf 85' lang='lat' dir='ltr'><strong>et</strong></span> <span class='ocrx_word' id='word_1_176' title='bbox 1213 1970 1309 2014; x_wconf 79' lang='lat' dir='ltr'><strong>imis</strong></span> <span class='ocrx_word' id='word_1_177' title='bbox 1497 1983 1577 2026; x_wconf 81' lang='lat'><strong>125</strong></span> 
     </span>
    </p>
   </div>
  </div>
 </body>
</html>
