1685 3093
235 160 290 203 34
576 140 1160 197 DISQVISITIO
1220 142 1256 184 Ι.

237 247 544 287 excusationem
566 247 730 297 habere,
764 261 858 287 cum
882 247 929 286 ad
951 257 1078 288 artem
1101 259 1240 302 poetae
1260 256 1301 288 et
1322 246 1369 288 ad
1392 247 1585 288 maiorem

235 320 431 359 carminis
472 319 714 360 suauitatem
756 321 957 374 pertinere
997 321 1244 371 crederetur,
1296 317 1323 360 si
1363 318 1494 360 multa
1532 333 1585 358 ex

240 390 417 434 Graccis
451 391 578 432 ess'ent
612 391 792 446 expressa
829 393 892 433 vel
930 394 1181 434 adumbrata.
1244 391 1461 433 Perlustret
1481 390 1586 432 mihi

238 466 390 519 aliquis
421 475 604 506 veterum
637 475 847 519 poetarum
870 476 963 506 ante
986 465 1216 522 Virgilium
1238 467 1484 520 fragmenta,
1517 464 1584 504 in-

238 540 381 594 primis
405 538 553 588 Ennii,
585 539 726 579 onmia
765 539 846 579 fere
884 549 926 579 et
961 538 1120 593 lingula
1156 552 1206 578 ex
1243 535 1408 578 Graeco
1443 535 1586 590 aliquo

237 620 358 663 poeta
392 620 463 650 aut
496 610 624 650 latine
654 611 833 665 expressa
865 620 936 652 aut
958 612 1189 651 imitatione
1210 609 1450 649 adumbrata
1469 608 1583 649 vide-

238 682 314 722 bit.
377 680 517 722 Etiam
545 680 718 722 Plautus
754 699 800 724 ac
837 683 1064 724 Terentius
1101 684 1177 724 toti
1211 684 1292 724 fere
1322 697 1373 723 ex
1408 679 1586 723 Graecis

234 754 300 794 vel
332 753 380 794 ad
401 751 590 794 Graecos
612 757 837 808 comparati
859 767 899 797 et
921 757 1134 796 constituti
1159 757 1267 795 sunt.
1330 754 1397 794 Ad
1419 751 1586 796 Graeca

237 826 399 881 prorsus
421 826 587 880 ingenia
610 828 645 867 se
667 830 930 882 composuere
955 829 1160 877 Romarm
1185 829 1226 868 in
1249 825 1423 869 Graecis
1445 826 1584 881 pueri-

236 900 337 939 tiam
373 908 413 939 et
446 899 762 941 adolescentiam
804 901 1116 940 consumebant.
1177 899 1243 939 Ex
1280 899 1424 939 multis
1458 899 1583 952 scrip-

234 982 390 1020 torum,
425 973 615 1024 inprimis
652 971 871 1012 Ciceronis
900 971 1005 1013 locis
1033 974 1172 1013 notior
1203 988 1262 1013 res
1290 971 1362 1022 est,
1393 986 1518 1026 quam
1539 980 1585 1012 vt

236 1044 354 1097 plura
375 1044 422 1083 de
443 1058 488 1082 ea
510 1044 714 1084 monenda
734 1043 825 1083 fint.
868 1042 1014 1098 Itaque
1030 1043 1100 1083 etsi
1117 1045 1287 1084 exculto
1305 1045 1384 1084 iam
1403 1045 1585 1085 sermone

234 1114 444 1167 Romano,
476 1127 516 1156 et
556 1116 744 1170 pluribus
778 1116 1065 1157 Romanorum
1102 1118 1365 1172 ingeniorum
1401 1118 1582 1158 foetibus

234 1189 277 1229 in
300 1189 510 1243 publicam
540 1189 676 1229 lucem
698 1189 876 1239 edudhs,
910 1198 1046 1229 tamen
1076 1204 1124 1229 ne
1155 1190 1225 1230 sub
1263 1189 1453 1245 Augusto
1485 1189 1582 1244 qui-

233 1261 326 1301 dem
357 1260 598 1300 destiterunt
623 1261 769 1302 summi
800 1263 877 1303 viri
915 1277 1048 1302 amare
1078 1260 1257 1312 Graeca,
1289 1277 1334 1302 ea
1356 1262 1584 1315 exprimere

235 1333 381 1384 latine,
414 1348 510 1374 cum
546 1332 724 1376 Graecis
751 1345 901 1375 ornatu
937 1345 1107 1385 certare,
1138 1349 1280 1375 eorum
1311 1335 1482 1375 inuenta
1513 1335 1586 1376 sua

235 1406 383 1455 facere,
400 1405 534 1445 multo
558 1406 688 1461 magis
714 1405 741 1446 si
766 1421 923 1447 nouum
945 1407 1140 1447 carminis
1160 1422 1290 1462 genus
1308 1407 1352 1448 in
1369 1406 1581 1449 Romanas

235 1479 374 1520 literas
400 1480 616 1519 inferrent.
681 1478 843 1519 Horatii
878 1480 1044 1534 quidem
1078 1478 1280 1520 Carmina
1312 1480 1506 1535 pleraque
1533 1495 1585 1522 cx

235 1551 412 1593 Graecis
438 1550 603 1607 Lyricis
634 1552 877 1592 adumbrata
913 1551 987 1592 esse
1021 1552 1163 1606 nullus
1186 1552 1358 1603 dubito;
1391 1553 1580 1607 quando-

235 1624 401 1677 quidem
423 1623 527 1663 inter
549 1633 632 1662 tam
654 1638 787 1677 pauca
811 1624 1041 1679 fragmenta
1061 1639 1110 1664 ex
1138 1624 1220 1664 istis
1253 1625 1396 1680 lyricis
1427 1626 1584 1667 seruata

233 1697 303 1736 vix
343 1711 473 1737 vnum
518 1707 559 1737 et
599 1696 776 1736 alterum
817 1696 889 1745 est,
931 1697 1051 1737 cuius
1086 1711 1170 1736 non
1209 1698 1484 1738 imitationem
1530 1699 1582 1739 ab

233 1768 412 1809 Horatio
433 1768 589 1808 faiel-am·
606 1769 785 1808 excitare
808 1770 954 1821 poffis3
989 1768 1090 1823 quid
1120 1769 1259 1824 itaque
1281 1771 1468 1811 futurum
1501 1759 1591 1824 pu}

231 1841 432 1890 tabi-mus,
465 1839 491 1880 si
515 1839 691 1895 Lyricos
723 1838 908 1882 Graecos
933 1841 1115 1896 integros
1142 1855 1238 1882 cum
1260 1842 1435 1883 Horatio
1463 1858 1581 1884 com-

233 1928 371 1969 parare
394 1913 550 1952 liceret.
613 1911 766 1966 Neque
792 1913 911 1952 aliter
951 1914 987 1953 se
1022 1928 1107 1953 rem
1134 1928 1230 1954 cum
1266 1912 1445 1965 Ouidio,
1477 1913 1580 1955 Pro-

233 1987 366 2042 pertio
398 1986 571 2040 aliisque
609 1986 842 2025 habituram
868 1983 942 2024 effe
972 1984 1132 2024 credere
1165 1986 1225 2025 fas
1259 1985 1332 2037 est,
1363 1985 1391 2027 fi
1423 1985 1580 2029 Graeci

237 2060 465 2115 Elegorum
493 2059 726 2111 scriptores,
760 2057 949 2112 inprimis
974 2057 1248 2099 Alexandrini
1278 2067 1418 2112 poetae
1445 2060 1582 2101 adhuc

233 2132 450 2174 exstarent.
524 2132 634 2186 Quis
690 2132 829 2184 itaque
868 2129 1101 2185 Virgilium
1142 2132 1425 2186 reprehendat,
1466 2132 1577 2187 quod

235 2205 499 2260 popularium
524 2205 688 2245 suornm
715 2204 889 2253 sensum,
914 2204 1116 2244 iudicium
1137 2219 1184 2244 ac
1207 2219 1360 2245 morem
1382 2205 1579 2259 sequutus

233 2289 371 2318 totum
396 2278 432 2318 se
459 2278 507 2317 ad
531 2276 718 2318 Graecos
741 2289 878 2329 poetas
900 2277 943 2316 in
974 2277 1053 2317 suis
1076 2277 1329 2317 carminibus
1342 2277 1578 2330 exprimen-

235 2351 310 2390 dos
345 2350 562 2405 applicuit.
625 2349 754 2389 Noua
779 2350 967 2390 accedere
997 2350 1211 2390 videbatur
1231 2350 1440 2403 voluptas,
1472 2364 1578 2403 quae

235 2423 551 2464 delcetationem
581 2423 622 2463 in
659 2422 790 2462 maius
827 2422 988 2462 anetam
1024 2421 1204 2473 afferret,
1236 2421 1264 2463 fi
1299 2423 1504 2475 praeclara
1537 2433 1580 2464 et

237 2497 373 2538 suauis
409 2497 609 2537 sententia
637 2494 751 2535 fimul
785 2495 919 2550 graeci
953 2494 1034 2537 loci
1065 2496 1386 2536 recordationem
1407 2496 1576 2547 faceret,

236 2570 343 2611 vnde
365 2569 459 2610 estet
481 2567 674 2623 expressa.
737 2565 788 2606 In
824 2566 1006 2606 Aeneide
1042 2569 1181 2621 itaque
1209 2564 1329 2620 pauci
1353 2568 1445 2608 sunt
1475 2571 1575 2610 cha-

232 2643 422 2692 racteres,
455 2643 525 2682 vix
551 2642 681 2684 vllum
705 2640 858 2680 fastum
889 2640 1133 2690 notabilius,
1166 2642 1234 2681 vix
1270 2641 1387 2682 locus
1424 2642 1575 2696 aliquis

234 2713 515 2767 praestantior,
549 2714 593 2753 in
625 2727 709 2768 quo
736 2726 821 2752 non
857 2722 999 2764 poetae
1035 2712 1209 2754 alicuius
1237 2711 1409 2766 Graeci,
1442 2715 1574 2768 inpri-

1495 2789 1573 2830 mis
