1685 3093
198 251 276 283 102
470 233 516 275 P.
542 214 762 274 Vnicum
785 228 1016 269 MARoms
1040 226 1232 268 Amms.
1375 223 1474 266 Lib.
1501 239 1542 271 1,u

203 338 422 388 Constitit,
454 347 493 377 et
515 336 750 384 lacrimans,
784 332 872 387 Qi
889 333 977 388 jam
999 330 1134 381 locus,
1158 331 1314 384 inquit,
1333 330 1516 391 Achate7

204 414 325 467 Quae
343 411 456 465 regio
475 410 519 450 in
543 408 658 450 terris
682 405 805 448 nostri
828 419 912 446 non
934 404 1053 459 plena
1072 401 1222 442 laboris
1242 401 1256 441 ?
1461 402 1550 467 460

206 487 271 529 En
294 485 496 527 Priamus.
559 483 654 524 sunt
673 481 741 522 hic
760 480 885 521 etiam
906 479 975 518 sua
997 475 1173 531 praemia
1193 474 1303 515 laudi
1326 490 1336 516 t

208 559 315 599 Sunt
336 557 527 597 lacrimae
545 569 708 596 rerum:
740 563 781 594 et
803 561 983 594 mentem
1002 549 1190 591 mortalia
1213 557 1408 604 tangunt.

209 630 331 671 Solve
351 638 499 670 metus.
562 629 665 668 feret
686 628 786 668 haec
805 627 986 679 aliquam
1009 623 1084 663 tibi
1106 622 1212 664 fama
1233 624 1417 665 salutem.

207 705 276 746 Sic
299 705 372 754 ait,
406 713 529 756 atque
550 702 735 742 animum
756 699 917 754 motura
938 696 1067 751 pascit
1086 695 1197 737 inani

207 776 352 818 Multa
374 789 559 832 gemens,
591 774 788 828 largoque
808 771 1019 812 humeaat
1042 771 1211 811 flumine
1229 760 1406 823 voltum.
1466 769 1550 829 465

208 850 405 904 Namque
428 848 610 898 videbat,
644 847 703 887 uti
729 845 930 886 bellantes
948 844 1147 900 Pergama
1168 844 1327 883 circum

207 922 298 963 Hac
319 923 508 978 fugerent
528 918 668 969 Graii,
701 926 899 972 premeret
920 916 1324 972 Trojanajuventus
1344 929 1355 966 ζ

209 994 301 1035 Hac
322 993 505 1048 Phryges
525 1010 536 1041 3
570 989 736 1030 instaret
755 1003 878 1030 curru
897 988 1085 1030 cristatus
1107 988 1312 1029 Achilles.

209 1066 305 1108 Nec
328 1065 470 1120 procul
493 1064 590 1104 hinc
612 1060 737 1103 Rhesi
759 1062 890 1103 niveis
913 1062 1091 1103 tentoria
1112 1061 1214 1102 velis

212 1139 416 1194 Agnoscit
437 1137 657 1177 lacrimans
678 1151 687 1177 t
724 1135 858 1190 primo
878 1149 982 1189 quae
1004 1134 1164 1188 prodita
1184 1134 1327 1174 somno
1469 1145 1557 1187 470

212 1210 403 1267 Tydides
427 1210 560 1250 multa
576 1208 757 1250 vastabat
776 1208 897 1248 caede
920 1218 1114 1249 cruentus
1135 1221 1143 1247 :

213 1282 490 1336 Ardentisque
512 1282 658 1321 avertit
678 1295 806 1334 equos
831 1281 872 1321 in
895 1280 1037 1332 castra,
1071 1282 1182 1335 prius
1206 1294 1330 1334 quam

214 1355 373 1397 Pabula
393 1353 611 1410 gustassent
631 1353 806 1409 Trojae‚
841 1353 1143 1408 Xanthumque
1161 1351 1366 1393 bibissent.

213 1427 334 1470 Parte
355 1429 436 1468 alia
458 1428 618 1482 fugiens
639 1426 783 1466 amiffis
805 1425 984 1466 Troilus
1004 1426 1144 1476 armis,

212 1500 370 1542 Infelix
393 1513 508 1553 puer,
540 1509 665 1553 atque
688 1498 805 1551 inpar
823 1496 1056 1551 congressus
1079 1497 1259 1547 Achilli,
1472 1506 1558 1552 475)Ι

214 1571 364 1613 Fertur
382 1571 517 1625 equis,
549 1582 755 1624 curruque
779 1569 916 1608 haeret
935 1568 1148 1621 resupinus
1170 1570 1302 1620 inani,

217 1644 327 1685 Lora
348 1655 490 1684 tenens
511 1654 662 1683 tamen.
712 1642 812 1681 huic
832 1642 1053 1695 cervixque
1075 1657 1298 1696 comaeque
1319 1642 1543 1683 trahuntur

218 1716 294 1758 Per
316 1726 481 1765 terram,
514 1726 554 1755 et
578 1715 686 1754 versa
710 1714 848 1768 pulvis
870 1715 1107 1755 inscribitur
1125 1715 1250 1755 hasta.

219 1789 382 1831 Interea
402 1790 450 1830 ad
474 1789 675 1843 templum
695 1802 779 1827 non
802 1802 953 1842 aequae
974 1786 1153 1828 Palladis
1178 1788 1295 1828 ibant

220 1864 424 1905 Crinibus
446 1861 595 1902 Iliades
619 1863 748 1915 pallis,
781 1861 1032 1915 peplumque
1056 1862 1240 1902 ferebant
1479 1861 1565 1913 480

225 1935 482 1990 Suppliciter
511 1934 658 1985 tristes,
691 1944 730 1974 ct
753 1934 892 1974 tunsae
914 1934 1078 1988 pecstora
1098 1934 1259 1988 palmis.

281 2067 370 2105 620.
402 2068 453 2116 By
467 2066 608 2115 plum’d
623 2065 792 2110 Achilles,
809 2066 907 2103 with
933 2067 988 2103 his
1016 2065 1184 2118 dreadful
1195 2065 1340 2115 spemn]
1397 2064 1484 2102 The
1511 2076 1567 2103 art

224 2119 271 2156 of
291 2119 419 2170 Virgil
440 2119 470 2156 is
489 2119 692 2168 extremely
725 2119 885 2155 delicate
913 2117 952 2155 in
987 2118 1059 2156 this
1092 2120 1264 2169 passage3
1295 2132 1403 2168 every
1422 2118 1569 2168 epithet

226 2173 274 2209 he
308 2171 386 2209 uses
419 2171 450 2208 is
479 2171 742 2221 pifturesque3
772 2170 847 2207 and
882 2171 1044 2222 strongly
1072 2171 1292 2221 descriptive
1311 2171 1355 2208 of
1379 2171 1440 2207 the
1462 2185 1568 2208 man,

225 2237 293 2261 ner
324 2224 364 2261 in
395 2223 517 2261 which
554 2225 645 2260 each
682 2223 887 2272 particular
922 2223 1049 2273 person
1084 2237 1157 2261 was
1196 2223 1378 2273 painted3
1408 2223 1568 2274 Virgil's

227 2276 453 2327 description
485 2275 532 2312 of
551 2274 659 2312 itself
680 2275 805 2313 would
838 2275 884 2312 be
915 2289 936 2312 a
971 2275 1153 2313 sufficient
1185 2276 1461 2313 direction-for
1496 2289 1569 2325 any

227 2330 377 2378 painter
409 2338 448 2366 to
484 2326 588 2365 work
618 2328 726 2365 after.
784 2328 855 2365 Let
890 2342 929 2365 us
961 2329 1205 2379 particularly
1234 2329 1368 2366 review
1395 2328 1487 2366 each
1506 2341 1570 2365 ex-

226 2381 395 2431 preffion.

283 2435 458 2483 Cristatus
479 2432 663 2471 Achilles.
719 2435 854 2471 Niveis
885 2433 990 2471 velis.
1047 2433 1217 2484 Tydides
1254 2443 1423 2471 cruentus.
1481 2433 1571 2470 Pul-

228 2486 285 2523 vis
306 2486 511 2535 inscribitur
536 2486 650 2523 hasta.
710 2485 890 2524 Crinibus
915 2488 1033 2536 paffis.
1050 2487 1218 2524 -Diva
1229 2486 1302 2536 solo
1319 2487 1411 2535 fixos
1447 2486 1575 2524 oeulos

231 2540 364 2587 aveaesa
394 2538 563 2576 tenebat.
619 2537 882 2589 Tendentemque
899 2554 1020 2576 mamas
1040 2538 1245 2576 Priamum.
1301 2539 1413 2589 Nigri
1446 2539 1574 2575 Mem-

232 2591 341 2627 nonis
359 2606 474 2627 arma.
515 2592 664 2629 Lunatis
683 2591 809 2642 peltis.
840 2593 992 2629 Exertae
1012 2605 1212 2628 mammae.
1245 2592 1362 2628 Aurea
1378 2590 1546 2641 cingula.

285 2643 374 2693 635.
419 2644 488 2679 Ere
525 2644 582 2679 the
612 2645 720 2693 sterce
743 2645 891 2694 steeds.]
982 2644 1069 2681 The
1106 2643 1269 2695 original
1307 2644 1384 2692 says
1419 2645 1576 2682 ardentes

232 2707 348 2743 equos
368 2708 376 2730 ;
407 2695 486 2731 Mr.
508 2695 639 2743 Upton
661 2697 891 2744 conjectures
911 2696 940 2733 it
960 2696 1093 2734 should
1111 2697 1155 2733 be
1175 2706 1288 2734 wrote
1311 2709 1573 2734 CANDENTES

233 2758 364 2796 equ05,
394 2745 433 2782 in
470 2747 693 2796 conformity
725 2759 763 2785 to
799 2749 944 2786 Homer
976 2749 1061 2786 who
1094 2750 1185 2786 calls
1220 2748 1321 2786 these
1347 2761 1435 2799 very
1454 2749 1575 2787 horses

234 2809 415 2847 >arma-252»
447 2817 567 2847 χιονες.
623 2799 735 2836 Iliad.
761 2801 812 2836 Ka
842 2814 919 2837 ver.
941 2814 1032 2851 437.
1091 2803 1154 2839 No
1187 2813 1282 2851 copy
1314 2802 1486 2839 however
1513 2802 1578 2839 has

236 2852 394 2887 ardentes
413 2866 423 2895 ;
456 2850 521 2888 but
543 2850 601 2887 ’tis
622 2851 837 2890 observable
859 2854 940 2892 that
961 2852 1108 2892 Servius
1129 2854 1299 2905 explains
1330 2855 1392 2892 the
1412 2853 1514 2894 word
1531 2854 1579 2902 by

234 2904 395 2957 ,candidu
416 2913 452 2940 et
470 2902 627 2941 veloces.
