1685 3093
447 110 564 152 AD
653 107 1042 150 LIBRVM
1131 106 1193 149 11.
1408 120 1488 156 21'1

140 219 258 261 &lnam
287 225 468 269 tempus,
510 229 560 255 ex
605 212 731 256 Galei
771 222 908 254 mente
938 213 1333 267 complectebantur.
1395 213 1485 256 Alii

143 289 356 344 separatim
387 287 492 326 hanc
524 286 586 327 vel
620 286 736 326 illam
767 286 1013 339 particulam
1043 302 1093 328 ex
1137 295 1227 327 toto
1268 286 1366 326 orbe
1408 300 1484 326 ex-

140 362 378 414 posuerunt.
441 357 505 398 Ita
543 359 782 414 Lysimachus
817 359 1124 400 Alexandrinus
1153 359 1201 398 τὰ
1235 359 1413 402 oneum,
1444 367 1487 399 et

140 431 199 475 τὲς
218 435 340 477 Νόςες,
373 429 420 470 de
442 430 595 484 quibus
618 432 694 471 inf.
721 430 896 471 Excurs.
922 429 979 472 V.
1005 430 1205 473 Similiter
1232 429 1303 471 alii
1326 429 1486 472 Gram-

139 502 282 541 matici
314 504 360 541 τὰ
390 502 625 554 τξαγῳὲἑμενα
656 503 815 556 scriptis
855 503 1135 556 peculiaribus
1175 503 1485 556 explicuerunt,

140 574 295 626 quibus
318 574 617 630 tragoediarum
654 583 897 630 argumenta
927 589 974 615 ac
1008 575 1167 616 fabulas
1201 577 1484 630 exponebant,

137 644 347 685 interdum
381 657 422 685 et
458 647 856 689 commentabantur.
932 646 999 687 Ex
1027 649 1105 688 hoc
1144 661 1290 703 genere
1338 649 1486 690 multis

139 717 304 768 amissis,
337 719 543 759 nonnulla
572 720 764 774 superesse
793 719 986 759 videntur
1007 719 1050 759 in
1073 719 1404 777 Itlyginifczbulis,
1433 737 1487 763 ex

139 792 345 832 veteribus
375 792 593 848 tragoediis
615 803 834 847 excerpta3
869 806 964 831 nam
1000 792 1128 831 maior
1160 794 1292 845 operis
1315 808 1405 847 pars
1433 809 1487 834 ex

139 863 238 903 orbe
265 862 526 905 Graecorum
555 867 743 921 mythico
773 864 829 905 est
855 864 1153 914 consarcinata,
1185 874 1229 904 vt
1250 865 1486 917 inspicienti

140 935 261 976 facile
286 947 479 990 apparet;
512 952 605 978 nam
638 938 748 978 fa<5³to
769 952 792 977 a
812 937 1062 993 genealogiis
1084 937 1251 976 deorum
1274 937 1396 977 initio
1417 952 1487 991 per

140 1006 342 1049 Cadmeas
362 1025 408 1050 ac
429 1010 654 1050 Thebanas
672 1010 832 1050 fabulas
854 1010 902 1049 ad
920 1011 1222 1065 Argonautica,
1243 1010 1488 1052 Heracleam.

137 1091 180 1120 et
207 1080 368 1122 Troica
387 1097 437 1121 ex
469 1097 579 1122 more
602 1083 802 1136 procedit.

197 1153 287 1208 Qui
321 1155 406 1206 post
427 1170 568 1196 omnes
591 1156 684 1196 illos
708 1157 921 1210 scriptores
944 1157 1092 1196 iterum
1122 1163 1275 1196 veteres
1298 1156 1485 1211 mythos,

138 1227 323 1282 adeoque
362 1228 486 1267 etiarn
519 1227 757 1268 Troianum
792 1228 947 1269 bellum
987 1229 1107 1269 nouis
1144 1229 1298 1268 libellis
1330 1238 1487 1283 repete-

137 1299 256 1351 bant,
289 1315 386 1340 cum
408 1301 706 1354 antiquiffimos
736 1301 951 1354 scriptores
975 1301 1104 1355 sequi,
1137 1310 1207 1340 aut
1235 1302 1487 1356 tragicorum

137 1386 186 1413 ac
205 1372 434 1428 lyricorum
457 1383 773 1428 ceterorumque
797 1377 1011 1427 poetarum
1037 1382 1272 1412 commenta
1300 1387 1346 1412 ac
1373 1373 1489 1415 lusus

135 1442 321 1485 sollerter
338 1445 386 1484 ab
415 1443 499 1484 illis
521 1444 748 1485 discernere
769 1445 980 1497 deberent,
1013 1446 1154 1486 omnia
1184 1446 1290 1485 inter
1326 1445 1363 1485 se
1385 1446 1484 1486 mis-

136 1526 331 1568 cuerunt,
381 1526 594 1571 totamque
627 1518 726 1558 adeo
772 1528 956 1560 veterum
997 1518 1239 1573 mythorum
1280 1517 1486 1558 rationem

133 1590 371 1641 turbarunt,
404 1600 450 1631 vt
489 1591 532 1630 in
566 1590 768 1645 plerisque
814 1589 982 1629 difficile
1015 1589 1062 1630 sit
1108 1590 1349 1644 perspicere,
1383 1589 1484 1644 quid

137 1676 186 1701 ac
227 1671 431 1716 quantum
474 1663 622 1702 veteris
662 1662 724 1704 vel
769 1661 1050 1716 philosophiae
1081 1662 1145 1703 vel
1178 1663 1390 1718 religionis
1422 1662 1488 1702 vel

137 1733 328 1775 historiae
367 1735 431 1776 vel
468 1736 590 1790 prisci
626 1736 820 1776 sermonis
855 1737 903 1776 iis
947 1735 1095 1776 subesse
1130 1735 1380 1776 credendum
1422 1733 1484 1776 sit⁴

139 1806 275 1848 Cuius
301 1808 558 1862 corruptelae
575 1808 759 1848 aurftores
775 1807 950 1847 habendi
973 1808 1164 1862 inprimis
1187 1806 1485 1858 Grammatici,

140 1884 212 1936 qui
243 1882 565 1923 commentarios
605 1882 647 1921 in
684 1889 838 1921 veteres
868 1884 1007 1933 poetas
1045 1880 1304 1932 scripserunt.
1367 1879 1485 1921 Dum

137 1957 248 1996 enim
285 1955 347 1996 illi
376 1955 423 1994 ad
457 1954 738 1995 illustrandam
766 1952 950 2007 aliquam
978 1952 1177 2003 fabulam,
1210 1953 1350 1993 omnia
1382 1967 1488 2008 quae

137 2028 306 2082 *osquam
355 2028 559 2083 legerant,
603 2026 722 2066 nullo
762 2026 917 2067 iudicio
952 2026 1210 2080 collegerunt
1240 2033 1281 2065 et
1318 2039 1368 2065 ex
1404 2040 1486 2066 vno

139 2101 233 2141 loco
264 2103 305 2141 in
341 2111 511 2141 centum
539 2101 660 2152 alios,
691 2100 814 2141 modo
849 2098 998 2139 additis
1036 2097 1250 2138 nonnullis
1273 2097 1395 2138 modo
1420 2112 1483 2138 re·-

139 2174 246 2224 cifis,
280 2173 601 2224 transtulerunt3
635 2174 803 2227 perditis
837 2186 952 2213 nune
985 2171 1168 2224 antiquis
1201 2171 1483 2224 scriptoribus,

137 2246 242 2286 vnde
271 2246 504 2296 hauserant,
537 2244 610 2299 ipfi
638 2247 687 2287 ab
717 2261 765 2286 eo
796 2245 891 2285 inde
922 2253 1105 2297 tempore
1127 2243 1357 2284 fabularum
1381 2257 1483 2284 auc-

129 2329 262 2369 tores,
287 2319 442 2359 indocTti
461 2320 610 2373 pariter
628 2327 668 2360 et
689 2316 895 2366 leuiffimi‚
917 2315 1014 2355 faeti
1038 2315 1145 2355 sunt.

191 2389 331 2431 Etiam
354 2389 717 2444 Philosophorum,
738 2388 1018 2444 Sophistarum
1039 2403 1085 2429 ac
1107 2388 1340 2428 Rhetorum
1361 2401 1484 2443 opera

136 2463 276 2517 aliqua
298 2464 378 2503 fuit
400 2464 441 2503 in
465 2463 772 2517 corrumpendis
802 2462 955 2519 mythis
986 2471 1027 2502 et
1054 2462 1230 2502 historiis
1255 2461 1484 2516 antiquiffi*

137 2537 245 2586 mis3
279 2536 446 2576 illorum
480 2536 646 2592 quidem
680 2537 722 2576 in
749 2535 981 2591 theogoniis
1013 2534 1206 2583 maxime,
1238 2533 1385 2572 horum
1406 2547 1481 2572 au-

136 2618 220 2650 tem
252 2609 295 2649 in
334 2610 506 2649 heroum
541 2610 663 2650 rebus
699 2617 740 2649 et
781 2607 973 2648 Troiano
1000 2607 1188 2660 inprimis
1225 2605 1350 2656 bello,
1382 2604 1482 2645 dum

134 2681 483 2722 declamationum
506 2690 748 2738 argumenta
769 2680 863 2723 inde
890 2690 1084 2734 caperent
1108 2689 1149 2719 ct
1169 2678 1331 2719 laudem
1360 2693 1411 2720 ex
1433 2692 1482 2718 eo

127 2761 346 2808 «captarent
381 2755 477 2797 vani
520 2756 725 2807 homines,
773 2752 801 2795 s1
837 2754 1049 2805 haberent,
1097 2767 1200 2809 quae
1240 2761 1385 2792 contra
1423 2763 1484 2790 res

736 2825 769 2871 P
800 2838 826 2873 2
1205 2825 1487 2868 vetustissimae
