1685 3093
317 137 431 183 AD
523 132 913 179 LIBRVM
1000 135 1061 179 11.
1292 149 1383 196 219,

41 249 177 292 versus
203 261 269 301 ap.
309 243 451 285 Schol.
485 241 540 284 11.
574 259 616 293 α,
649 254 690 296 5.
722 241 965 292 recitantur,
997 242 1071 296 qui
1094 256 1183 284 non
1206 240 1334 299 longe
1357 256 1385 287 a

42 322 248 378 principio
276 317 368 359 libri
406 316 546 357 locum
575 313 758 355 habuisse
786 314 1009 355 videntur:
1041 324 1084 356 et
1113 315 1224 371 quod
1245 315 1387 361 triduo

43 394 158 437 Paris
203 392 348 446 Sparta
382 389 561 430 Tro-{am
607 386 789 436 redierit,
833 401 885 427 ex
921 386 1092 443 Cypriis
1131 391 1389 433 carminibus

39 468 162 508 docet
189 466 377 506 Eustath.
398 479 436 517 p.
456 463 554 517 663.
579 461 635 500 Α.
697 457 749 499 In
766 458 908 498 iisdem
924 459 1067 500 fabula
1081 460 1132 501 de
1150 462 1255 502 Anii
1278 460 1387 504 filia„

41 541 120 582 bus
154 549 241 579 erat
277 547 455 585 narrata,
505 533 602 574 teste
643 531 818 571 Tzetza
859 530 908 569 ad
951 529 1165 587 Lycophr.
1207 547 1249 574 v.
1284 548 1386 591 570.

42 613 159 667 atqui
197 620 236 650 et
267 625 312 649 ca
345 611 387 650 in
426 607 523 648 belii
556 604 737 646 Troiani
770 603 892 643 initia
927 604 1169 655 incidebat;
1208 616 1254 647 vt
1288 607 1388 649 adeo

43 684 304 726 manifestum
336 682 399 732 fit,
433 680 686 736 Cypriorum
719 676 966 718 Carminum
997 687 1288 733 argumentum
1315 680 1391 723 vix

44 756 205 811 aliqu²d
241 755 403 803 habere,
450 753 560 808 quod
594 754 637 792 in
667 751 954 807 Virgilianum
985 766 1150 792 carmen
1177 753 1391 794 transferri

45 830 243 884 potuerit.
307 828 467 868 Aneror
488 827 596 867 varic
618 841 639 864 a
663 825 786 865 variis
807 824 862 865 est
883 824 1073 866 traditus.
1135 823 1268 866 Fuere
1287 827 1391 867 olim

46 905 120 957 qui
149 902 377 943 Homerum
414 901 660 955 proderent3
693 898 755 942 sed
788 898 946 938 diuersa
966 899 1010 938 in
1047 894 1217 954 Cypriis
1244 909 1286 939 et
1308 899 1391 940 dis-

45 978 143 1019 sona
164 979 212 1017 ab
242 978 308 1027 iis,
342 989 445 1029 quae
476 973 684 1013 Homerus
719 971 767 1011 de
789 969 972 1011 Helenae
1003 980 1123 1024 raptu
1152 970 1392 1023 tradiderat,

43 1065 276 1100 occurrere,
324 1050 403 1088 iam
435 1045 635 1086 Herodot.
671 1042 734 1093 II,
771 1056 864 1097 117.
898 1044 1078 1082 monuit.
1141 1042 1231 1082 Alii
1261 1043 1393 1085 alium

35 1123 264 1163 ediderunt
293 1121 516 1162 auetorem.
536 1133 575 1156 v.
596 1117 752 1157 Athen.
776 1113 909 1155 VIII.
929 1131 969 1169 p.
991 1130 1086 1172 334.
1106 1114 1211 1156 XV.
1231 1131 1272 1170 p.
1291 1117 1391 1161 682,

47 1195 221 1238 Proclus
247 1211 311 1249 ap.
346 1192 468 1232 Phot.
504 1189 613 1230 Cod.
653 1204 749 1246 239.
787 1188 956 1229 Salmas.
990 1188 1038 1228 ad
1063 1187 1194 1229 Solin.
1220 1204 1259 1242 p.
1291 1203 1391 1246 599.

44 1279 105 1320 et,
135 1269 207 1323 qui
234 1267 424 1309 aduersus
458 1277 553 1302 eum
581 1251 777 1316 disputat,
810 1262 949 1318 Ryck.
982 1262 1032 1302 de
1064 1276 1125 1315 pr.
1166 1260 1263 1302 Ital.
1296 1263 1392 1303 init.

49 1356 89 1396 p.
107 1342 206 1395 446.
231 1339 416 1380 Fabrett.
441 1337 489 1376 ad
510 1335 625 1376 Tab.
651 1335 770 1377 Iliae.
793 1352 833 1390 p.
855 1350 951 1392 374.
976 1335 1205 1375 Hemsterh.
1221 1335 1270 1374 ad
1292 1333 1395 1374 Pol-

44 1413 131 1453 luc.
157 1412 214 1453 X.
249 1414 315 1467 85.
352 1409 545 1450 Perizon.
583 1409 630 1448 ad
654 1409 818 1449 Aelian.
844 1408 903 1450 V.
935 1408 991 1448 H.
1018 1407 1102 1458 IX,
1136 1420 1201 1462 15.
1221 1417 1263 1448 et
1287 1421 1393 1462 quos

47 1487 188 1526 laudat
223 1485 430 1538 Interpres
460 1482 663 1523 Herodoti
686 1481 843 1522 doffiff.
867 1481 915 1522 ad
938 1481 966 1522 l.
992 1496 1028 1522 c.
1100 1480 1179 1521 Sed
1204 1480 1394 1537 Stafinum

50 1558 234 1614 Cyprium
278 1554 394 1596 fuiffe
421 1554 648 1605 audiorem,
683 1554 936 1609 probabilior
975 1563 1017 1594 et
1046 1554 1314 1595 communior
1339 1551 1397 1598 est

48 1631 265 1671 sententia.
343 1627 495 1669 Latine
528 1627 685 1684 Cypria
711 1628 895 1667 carmina
922 1626 1150 1666 reddiderat
1184 1624 1394 1676 Naeuius,

49 1703 170 1744 cuius
200 1703 345 1757 Cypria
381 1702 477 1743 Ilias
507 1701 699 1741 laudatur
732 1699 918 1749 Carifio3
953 1714 1038 1754 quo
1069 1699 1155 1752 ipso
1183 1699 1398 1752 probabile

47 1774 113 1826 fit,
144 1790 233 1815 eam
251 1774 435 1830 Virgilio
468 1773 608 1814 saltem
636 1773 782 1814 letitam
821 1771 950 1812 fuiffe.
1028 1770 1095 1811 Ex
1121 1771 1261 1811 eadem
1292 1772 1397 1812 forte

49 1849 159 1899 sunt,
193 1863 298 1903 quae
320 1846 436 1888 Seru.
468 1847 515 1887 ad
532 1847 640 1887 Aen.
661 1845 699 1897 Ι,
733 1860 828 1902 273.
854 1843 941 1895 III,
968 1857 1033 1886 10.
1062 1844 1224 1884 recitat.

108 1921 185 1961 Sed
215 1921 426 1960 excidium
454 1919 630 1970 Troiae,
662 1918 711 1959 de
732 1934 817 1974 quo
844 1918 965 1958 nobis
990 1932 1121 1967 nunc,
1153 1917 1262 1957 inter
1284 1926 1396 1957 cete—

50 2009 114 2035 ras
143 1993 353 2035 Troianas
387 2008 465 2043 res,
510 1994 761 2046 potiffimum
793 1993 1022 2046 quaeritur,
1073 2004 1200 2046 quam
1231 1989 1399 2032 diuersis

52 2067 185 2108 modis
219 2067 440 2107 tractatum
482 2066 583 2106 olim
614 2065 690 2106 effe
721 2066 923 2114 debuerit,
968 2063 1031 2105 vel
1061 2063 1154 2103 inde
1202 2062 1397 2117 colliga-s,

53 2139 162 2194 quod
198 2140 381 2179 carmina
412 2148 497 2178 tam
533 2139 666 2180 multa
701 2139 750 2179 ab
783 2139 967 2193 antiquis
999 2145 1278 2177 memorantur
1313 2136 1398 2172 ’mim

56 2216 180 2262 πίξσις,
214 2211 254 2250 h.
279 2226 313 2251 e.
338 2210 405 2250 Ilii
430 2211 598 2251 vastatio
621 2212 685 2252 vel
707 2211 917 2252 excidium
939 2211 1151 2264 inscripta.
1213 2208 1264 2250 In
1282 2208 1398 2249 libris

53 2285 136 2325 fere
162 2288 189 2321 ἐν
210 2282 290 2320 ’iasa
311 2282 436 2335 περσίῦι
456 2284 696 2335 ῐηΗεὲὶίῐυΓ,
731 2284 843 2338 quod
866 2294 1003 2324 tamen
1022 2291 1178 2335 praeter
1194 2281 1400 2320 rationem

54 2355 335 2406 fierividetur,
369 2368 412 2396 vt
438 2357 517 2396 iarn
545 2356 730 2413 Scaliger
757 2358 804 2397 ad
827 2356 978 2398 Euseb.
1006 2353 1167 2395 Chron.
1192 2369 1231 2407 p.
1257 2367 1325 2407 72.
1358 2365 1394 2392 a.

55 2428 294 2471 Mauffacus
323 2430 370 2469 ad
401 2429 649 2483 Harpocrat.
685 2430 727 2469 in
759 2444 850 2470 voc.
886 2426 1043 2475 καθελὼν,
1074 2435 1115 2467 et
1147 2425 1316 2465 Salmas.
1349 2424 1399 2464 ad

56 2500 190 2543 Solin.
223 2518 262 2555 p.
300 2504 395 2546 800.
431 2511 707 2550 monuerunt;
741 2515 837 2542 nam
860 2500 987 2538 ἐνἸλίε
1013 2504 1124 2552 ‘trifon
1159 2498 1396 2539 dicendum.

53 2590 128 2615 nec
152 2576 346 2627 Ἰλιόπιξσις
376 2575 482 2615 redte
514 2589 537 2614 a
563 2574 778 2615 nonnullis
807 2573 926 2615 scribi
951 2574 1140 2623 videtur3
1175 2585 1269 2612 nam
1292 2569 1398 2612 fleffi

52 2648 217 2689 deberet
239 2650 459 2699 ’Izswtzgcia-

112 2721 308 2778 Steficbori
337 2720 419 2759 Ἰλίε
439 2725 551 2772 πίςσις
597 2721 753 2774 saepius
793 2719 1000 2760 veteribus
1039 2715 1247 2765 laudatur,
1290 2730 1329 2755 v.
1357 2729 1397 2755 c.

55 2791 230 2834 Pausan.
260 2794 318 2843 X,
354 2795 420 2836 26.
450 2810 510 2849 pr.
535 2809 573 2836 c.
598 2808 665 2850 27.
698 2810 737 2848 p.
770 2793 867 2847 865.
931 2792 999 2832 Ab
1023 2790 1166 2830 eodem
1199 2787 1399 2828 Pausania

56 2880 97 2918 p·
131 2867 227 2922 864.
262 2868 301 2908 in
336 2867 495 2908 verbis:
530 2865 624 2917 κςιτὲι
642 2863 697 2905 ‘rin
723 2863 872 2915 Ἰμεςαΐε
899 2863 976 2915 ᾦὸὴν
997 2865 1074 2905 hoc
1098 2863 1205 2903 idem
1234 2874 1397 2900 carmen

1149 2932 1397 2988 designatur,
