1685 3093
253 119 337 181 36⁴2
522 122 570 164 Ρ.
594 121 819 163 Vmcun
852 119 1084 165 MARONxs
1116 124 1312 168 ΑεΝΕιε.
1356 96 1360 97 ⁷
1431 127 1528 171 Lib.
1550 145 1597 186 4.

250 226 369 281 Qid
392 234 481 266 tum
503 223 516 263 ?
552 224 635 265 sola
656 225 754 280 fuga
774 235 920 268 nautas
942 227 1173 269 comitabor
1192 232 1352 273 ovantis
1370 230 1385 273 ?

249 302 320 343 An
345 298 508 354 Tyriis,
540 298 738 352 omnique
760 313 883 338 manu
912 299 1057 354 stipata
1076 316 1260 342 meorum

249 370 440 414 Inferar?
475 380 514 410 et
534 384 637 424 quos
661 368 835 412 Sidonia
855 373 926 413 vix
952 374 1049 413 urbe
1072 374 1230 424 revelli,
1515 390 1597 433 545

252 445 410 487 Rursus
434 458 551 499 agam
575 442 738 497 pelag0‚
769 453 809 483 et
830 446 963 485 ventis
985 446 1079 486 dare
1101 447 1190 486 vela
1205 446 1362 502 jubebo
1382 446 1396 487 ?

250 516 372 571 Qin
392 531 566 566 morere,
599 526 645 555 ut
667 516 811 556 merita
830 532 872 557 es
891 537 902 568 3
936 519 1125 573 ferroque
1147 529 1279 560 averte
1301 519 1500 561 dolorem.

249 589 327 629 Tu
348 588 529 629 lacrimis
550 589 681 628 evic'Ra
703 589 819 639 meis,
852 598 897 628 tu
920 590 1051 643 prima
1073 591 1278 631 furentem

246 663 344 713 His,
376 677 586 718 germana,
617 662 737 703 malis
759 675 921 710 oneras,
954 672 1078 716 atque
1098 663 1245 718 objicis
1268 663 1388 705 hosti.

245 735 351 778 Non
372 736 494 777 licuit
515 736 684 776 thalami
707 745 915 789 expertem
938 733 1020 774 fine
1040 735 1216 775 crimine
1237 737 1368 779 vitam
1510 750 1594 794 550

246 808 409 864 Degere
429 823 541 850 more
563 810 687 859 ferae,
719 808 813 849 talis
836 822 911 848 nec
929 818 1097 864 tangere
1117 823 1237 849 curas
1254 808 1269 849 ?

243 879 350 922 Non
372 882 526 922 servata
545 881 661 932 fides,
694 882 821 921 cineri
847 880 1037 934 promiss‘a
1059 880 1251 923 sichaeo.

246 952 417 995 Tantos
439 954 511 994 illa
534 954 604 994 suo
624 953 840 1007 rumpebat
863 952 1024 1005 pastore
1047 952 1228 1006 questus.

246 1028 411 1068 Aeneas
431 1027 538 1068 celsa
559 1028 601 1068 in
623 1027 770 1082 puppi,
797 1029 884 1084 jam
908 1036 1044 1067 certus
1065 1025 1209 1075 eundi,

245 1101 454 1157 Carpebat
476 1101 656 1151 somnos,
688 1101 810 1140 rebus
826 1101 914 1155 jam
937 1100 1016 1140 rite
1036 1099 1204 1153 paratis.
1513 1110 1596 1154 555

244 1174 358 1217 Huic
383 1175 419 1216 se
440 1173 656 1215 forma'dei
678 1173 795 1214 voltu
820 1172 1028 1213 redeuntis
1048 1172 1191 1212 eodem

244 1245 423 1288 Obtulit
441 1246 485 1286 in
509 1245 679 1296 somnis,
712 1246 958 1300 rursumque
980 1246 1038 1286 ita
1058 1245 1141 1286 visa
1162 1258 1328 1285 monere
1348 1243 1404 1285 est
1418 1262 1434 1295 5

242 1319 406 1363 Omnia
421 1318 639 1361 Mercurio
657 1317 819 1368 fimilis,
848 1333 1079 1372 vocemque
1100 1317 1385 1370 coloremque,

242 1391 302 1436 Et
321 1392 447 1433 crinis
465 1393 609 1442 flavos,
641 1400 681 1430 et
704 1391 886 1430 membra
906 1391 1051 1431 decora
1067 1392 1294 1447 juventae:

242 1465 356 1509 Nate
376 1465 467 1516 dea,
499 1475 613 1518 potes
636 1465 714 1504 hoc
735 1463 806 1503 sub
828 1463 922 1502 casu
944 1463 1093 1502 ducere
1115 1463 1277 1502 somnos
1297 1460 1311 1501 ?
1508 1460 1593 1515 560

239 1538 355 1589 Nec,
387 1552 491 1594 quae
512 1547 552 1577 te
574 1537 736 1577 circum
757 1534 862 1575 stent
883 1534 1029 1575 deinde
1051 1533 1253 1588 pericula,
1285 1531 1448 1574 cernis?

242 1610 430 1656 Demens
451 1609 459 1650 ἒ
494 1624 569 1651 nec
591 1608 797 1664 zephyros
818 1606 934 1647 audis
957 1607 1106 1660 spirare
1128 1607 1329 1647 secundos
1348 1605 1363 1646 ?

241 1685 322 1728 Illa
342 1685 478 1735 dolos,
510 1683 731 1736 dirumque
752 1679 867 1721 nefas
890 1680 961 1721 sub
984 1679 1148 1734 pectore
1169 1680 1317 1730 versat,

242 1756 370 1799 Certa
391 1755 514 1805 mori,
546 1754 742 1809 varioque
766 1754 920 1794 irarum
943 1753 1119 1794 fluetuat
1140 1752 1265 1794 aestu.

233 1830 343 1873 Non
363 1828 476 1884 fugis
497 1827 596 1868 hinc
619 1841 829 1881 praeceps,
859 1826 956 1867 dum
979 1826 1246 1881 praecipitare
1270 1822 1470 1879 potestas?
1504 1824 1587 1881 565

239 1903 337 1961 Jam
359 1916 468 1943 mare
489 1900 642 1941 turbari
664 1899 867 1949 trabibus,
900 1898 1114 1952 saevasque
1135 1897 1293 1938 videbis

242 1975 478 2019 conlucere
498 1975 626 2025 faces,
652 1974 741 2030 jam
762 1972 915 2013 fervere
938 1970 1063 2011 litora
1085 1970 1286 2020 flammis3

243 2049 287 2093 Si
309 2059 350 2090 te
371 2049 436 2090 his
457 2047 650 2103 adtigerit
672 2045 790 2086 terris
811 2045 979 2086 Aurora
1000 2052 1246 2084 morantem.

241 2123 322 2180 Eja
342 2136 434 2178 age,
465 2134 609 2174 rumpe
630 2132 780 2159 moras.
841 2118 1002 2159 varium
1022 2124 1064 2158 et
1083 2115 1283 2157 mutabile
1304 2115 1458 2168 semper

291 2253 382 2300 803.
412 2246 463 2286 To
479 2247 598 2285 whom
624 2244 771 2296 agaim]
826 2243 889 2281 To
912 2241 1044 2294 justify
1076 2242 1249 2280 AEneas’s
1278 2241 1477 2293 departure
1514 2240 1587 2279 still

238 2315 360 2347 more,
389 2301 548 2338 another
577 2298 783 2347 meffenger
811 2295 840 2334 is
873 2295 953 2333 sent
985 2295 1080 2333 from
1107 2295 1251 2332 heaven
1285 2304 1325 2333 to
1355 2294 1470 2343 hurry
1504 2295 1601 2332 him*

238 2368 360 2404 away,
390 2354 475 2391 who
500 2352 584 2390 tells
604 2350 682 2388 him
704 2349 786 2386 that
805 2348 842 2386 if
862 2348 909 2386 he
939 2347 1027 2386 does
1058 2357 1124 2385 not
1149 2346 1202 2384 set
1233 2358 1300 2385 out
1326 2345 1588 2396 immediately

222 2401 352 2448 'while
381 2407 444 2443 the
477 2403 578 2443 wind
605 2403 636 2440 is
670 2400 904 2445 favourable,
934 2401 997 2445 he,
1027 2399 1102 2436 and
1133 2398 1189 2436 his
1219 2399 1341 2437 whole
1371 2399 1474 2442 fleet,
1504 2399 1583 2438 will

238 2462 286 2500 be
303 2457 494 2510 destroyed
524 2457 574 2508 by
601 2456 666 2495 the
697 2452 878 2507 Tyrians,
907 2454 1032 2494 whom
1050 2451 1157 2492 Dido
1175 2451 1207 2491 is
1226 2450 1442 2506 animating
1461 2461 1500 2490 to
1523 2463 1584 2491 re·

238 2524 375 2569 venge.
