<?xml version="1.0" encoding="UTF-8"?>
<!DOCTYPE html PUBLIC "-//W3C//DTD XHTML 1.0 Transitional//EN"
    "http://www.w3.org/TR/xhtml1/DTD/xhtml1-transitional.dtd">
<html xmlns="http://www.w3.org/1999/xhtml" xml:lang="en" lang="en">
 <head>
  <title>
</title>
<meta http-equiv="Content-Type" content="text/html;charset=utf-8" />
  <meta name='ocr-system' content='tesseract 3.04.00' />
  <meta name='ocr-capabilities' content='ocr_page ocr_carea ocr_par ocr_line ocrx_word'/>
</head>
<body>
  <div class='ocr_page' id='page_1' title='image "./worksofvirgilinl02virg_0230.png"; bbox 0 0 1685 3093; ppageno 0'>
   <div class='ocr_carea' id='block_1_1' title="bbox 287 90 1329 194">
    <p class='ocr_par' dir='ltr' id='par_1_1' title="bbox 287 90 1329 194">
     <span class='ocr_line' id='line_1_1' title="bbox 287 90 1329 194; baseline -0.006 -20"><span class='ocrx_word' id='word_1_1' title='bbox 287 90 376 186; x_wconf 63' lang='grc' dir='ltr'><strong>(μὲ</strong></span> <span class='ocrx_word' id='word_1_2' title='bbox 602 114 1329 194; x_wconf 63' lang='lat' dir='ltr'>EXCVRsvs</span> 
     </span>
    </p>
   </div>
   <div class='ocr_carea' id='block_1_2' title="bbox 274 227 1644 2762">
    <p class='ocr_par' dir='ltr' id='par_1_2' title="bbox 274 227 1644 1811">
     <span class='ocr_line' id='line_1_2' title="bbox 291 227 1644 293; baseline -0.001 -16"><span class='ocrx_word' id='word_1_3' title='bbox 291 234 414 290; x_wconf 81' lang='lat' dir='ltr'><strong>primi</strong></span> <span class='ocrx_word' id='word_1_4' title='bbox 435 233 519 274; x_wconf 89' lang='lat' dir='ltr'><strong>duo</strong></span> <span class='ocrx_word' id='word_1_5' title='bbox 548 232 684 274; x_wconf 86' lang='lat' dir='ltr'><strong>versus</strong></span> <span class='ocrx_word' id='word_1_6' title='bbox 705 237 947 272; x_wconf 87' lang='lat' dir='ltr'><strong>occurrunt.</strong></span> <span class='ocrx_word' id='word_1_7' title='bbox 1011 227 1194 280; x_wconf 64' lang='grc' dir='ltr'>Διατξίᾱων</span> <span class='ocrx_word' id='word_1_8' title='bbox 1223 230 1254 267; x_wconf 59' lang='grc' dir='ltr'><strong>δὲ</strong></span> <span class='ocrx_word' id='word_1_9' title='bbox 1283 231 1387 283; x_wconf 56' lang='lat' dir='ltr'><strong>wag&amp;</strong></span> <span class='ocrx_word' id='word_1_10' title='bbox 1420 231 1470 284; x_wconf 62' lang='grc' dir='ltr'><strong>τᾷ</strong></span> <span class='ocrx_word' id='word_1_11' title='bbox 1485 238 1644 293; x_wconf 50' lang='lat' dir='ltr'><strong>ees-0313?</strong></span> 
     </span>
     <span class='ocr_line' id='line_1_3' title="bbox 289 302 1638 356; baseline 0.004 -11"><span class='ocrx_word' id='word_1_12' title='bbox 289 306 537 347; x_wconf 63' lang='grc' dir='ltr'><strong>σοιεῖίλιάὸω</strong></span> <span class='ocrx_word' id='word_1_13' title='bbox 554 302 762 344; x_wconf 49' lang='lat' dir='ltr'><strong>rhinawe)</strong></span> <span class='ocrx_word' id='word_1_14' title='bbox 799 302 879 356; x_wconf 88' lang='lat' dir='ltr'><strong>(ita</strong></span> <span class='ocrx_word' id='word_1_15' title='bbox 918 302 986 342; x_wconf 90' lang='lat' dir='ltr'><strong>hic</strong></span> <span class='ocrx_word' id='word_1_16' title='bbox 1019 302 1268 356; x_wconf 83' lang='lat' dir='ltr'><strong>appellatur,</strong></span> <span class='ocrx_word' id='word_1_17' title='bbox 1301 319 1377 345; x_wconf 88' lang='lat' dir='ltr'><strong>nec</strong></span> <span class='ocrx_word' id='word_1_18' title='bbox 1410 306 1638 354; x_wconf 87' lang='lat' dir='ltr'><strong>audiendus</strong></span> 
     </span>
     <span class='ocr_line' id='line_1_4' title="bbox 290 374 1644 432; baseline 0.001 -11"><span class='ocrx_word' id='word_1_19' title='bbox 290 378 460 422; x_wconf 81' lang='lat' dir='ltr'><strong>Salmas.</strong></span> <span class='ocrx_word' id='word_1_20' title='bbox 491 374 640 431; x_wconf 83' lang='lat' dir='ltr'><strong>Polyh.</strong></span> <span class='ocrx_word' id='word_1_21' title='bbox 669 390 709 429; x_wconf 93' lang='lat' dir='ltr'><strong>p.</strong></span> <span class='ocrx_word' id='word_1_22' title='bbox 736 376 817 430; x_wconf 82' lang='lat'><strong>598</strong></span> <span class='ocrx_word' id='word_1_23' title='bbox 847 375 906 430; x_wconf 86' lang='lat' dir='ltr'><strong>sq.</strong></span> <span class='ocrx_word' id='word_1_24' title='bbox 937 376 1009 430; x_wconf 86' lang='lat' dir='ltr'><strong>qui</strong></span> <span class='ocrx_word' id='word_1_25' title='bbox 1032 374 1190 432; x_wconf 83' lang='lat' dir='ltr'><strong>Cypria</strong></span> <span class='ocrx_word' id='word_1_26' title='bbox 1219 379 1400 418; x_wconf 81' lang='lat' dir='ltr'><strong>carmina</strong></span> <span class='ocrx_word' id='word_1_27' title='bbox 1429 388 1470 419; x_wconf 87' lang='lat' dir='ltr'><strong>et</strong></span> <span class='ocrx_word' id='word_1_28' title='bbox 1507 380 1644 422; x_wconf 62' lang='grc' dir='ltr'><strong>Ἰλιάδα</strong></span> 
     </span>
     <span class='ocr_line' id='line_1_5' title="bbox 288 447 1638 504; baseline -0.003 -11"><span class='ocrx_word' id='word_1_29' title='bbox 288 456 419 503; x_wconf 71' lang='grc' dir='ltr'><strong>ἐλάττω</strong></span> <span class='ocrx_word' id='word_1_30' title='bbox 438 465 569 492; x_wconf 87' lang='lat' dir='ltr'><strong>vnum</strong></span> <span class='ocrx_word' id='word_1_31' title='bbox 595 447 671 489; x_wconf 87' lang='lat' dir='ltr'><strong>esse</strong></span> <span class='ocrx_word' id='word_1_32' title='bbox 702 447 822 489; x_wconf 89' lang='lat' dir='ltr'><strong>nullo</strong></span> <span class='ocrx_word' id='word_1_33' title='bbox 855 459 1099 504; x_wconf 78' lang='lat' dir='ltr'><strong>argumento</strong></span> <span class='ocrx_word' id='word_1_34' title='bbox 1127 450 1384 503; x_wconf 76' lang='lat' dir='ltr'><strong>contendit,)</strong></span> <span class='ocrx_word' id='word_1_35' title='bbox 1418 451 1451 495; x_wconf 66' lang='grc' dir='ltr'><strong>ἧς</strong></span> <span class='ocrx_word' id='word_1_36' title='bbox 1478 454 1495 493; x_wconf 73' lang='grc' dir='ltr'>ἡ</span> <span class='ocrx_word' id='word_1_37' title='bbox 1519 451 1608 504; x_wconf 55' lang='lat' dir='ltr'><strong>&amp;gx-15</strong></span> <span class='ocrx_word' id='word_1_38' title='bbox 1625 464 1638 491; x_wconf 68' lang='grc' dir='ltr'><em>ε</em></span> 
     </span>
     <span class='ocr_line' id='line_1_6' title="bbox 281 520 1637 572; baseline -0.003 -6"><span class='ocrx_word' id='word_1_39' title='bbox 281 528 380 566; x_wconf 77' lang='grc' dir='ltr'>Ἴλιον</span> <span class='ocrx_word' id='word_1_40' title='bbox 409 525 504 564; x_wconf 63' lang='grc' dir='ltr'>ἀείδω</span> <span class='ocrx_word' id='word_1_41' title='bbox 531 522 589 561; x_wconf 69' lang='grc' dir='ltr'><strong>καὶ</strong></span> <span class='ocrx_word' id='word_1_42' title='bbox 622 520 803 572; x_wconf 63' lang='grc' dir='ltr'><strong>Δειξὸαινίην</strong></span> <span class='ocrx_word' id='word_1_43' title='bbox 835 520 993 565; x_wconf 61' lang='grc' dir='ltr'><strong>ἐύπωλον,</strong></span> <span class='ocrx_word' id='word_1_44' title='bbox 1017 520 1081 562; x_wconf 64' lang='lat' dir='ltr'><strong>’‘H;</strong></span> <span class='ocrx_word' id='word_1_45' title='bbox 1112 522 1187 572; x_wconf 61' lang='lat' dir='ltr'><strong>weg)</strong></span> <span class='ocrx_word' id='word_1_46' title='bbox 1219 523 1338 560; x_wconf 63' lang='grc' dir='ltr'><strong>’πολλοὶ</strong></span> <span class='ocrx_word' id='word_1_47' title='bbox 1370 525 1480 562; x_wconf 65' lang='grc' dir='ltr'><em>πάθον</em></span> <span class='ocrx_word' id='word_1_48' title='bbox 1507 525 1637 564; x_wconf 68' lang='grc' dir='ltr'><strong>Δαναοὶ</strong></span> 
     </span>
     <span class='ocr_line' id='line_1_7' title="bbox 283 589 1641 650; baseline -0.001 -15"><span class='ocrx_word' id='word_1_49' title='bbox 283 595 624 650; x_wconf 63' lang='grc' dir='ltr'><strong>θεςοίποιτεςἊςηος.</strong></span> <span class='ocrx_word' id='word_1_50' title='bbox 687 590 922 641; x_wconf 79' lang='lat' dir='ltr'>Fabricius,</span> <span class='ocrx_word' id='word_1_51' title='bbox 955 590 1028 644; x_wconf 91' lang='lat' dir='ltr'><strong>qui</strong></span> <span class='ocrx_word' id='word_1_52' title='bbox 1066 589 1094 629; x_wconf 88' lang='lat' dir='ltr'><strong>I.</strong></span> <span class='ocrx_word' id='word_1_53' title='bbox 1132 589 1162 629; x_wconf 91' lang='lat' dir='ltr'><strong>l.</strong></span> <span class='ocrx_word' id='word_1_54' title='bbox 1200 590 1280 630; x_wconf 88' lang='lat' dir='ltr'><strong>hoc</strong></span> <span class='ocrx_word' id='word_1_55' title='bbox 1316 591 1422 632; x_wconf 90' lang='lat' dir='ltr'><strong>idem</strong></span> <span class='ocrx_word' id='word_1_56' title='bbox 1450 593 1641 648; x_wconf 87' lang='lat' dir='ltr'><strong>repetiit,</strong></span> 
     </span>
     <span class='ocr_line' id='line_1_8' title="bbox 284 659 1636 719; baseline 0 -12"><span class='ocrx_word' id='word_1_57' title='bbox 284 674 422 709; x_wconf 83' lang='lat' dir='ltr'><strong>tamen</strong></span> <span class='ocrx_word' id='word_1_58' title='bbox 461 680 560 707; x_wconf 87' lang='lat' dir='ltr'><strong>mox</strong></span> <span class='ocrx_word' id='word_1_59' title='bbox 594 666 763 707; x_wconf 86' lang='lat' dir='ltr'><strong>initium</strong></span> <span class='ocrx_word' id='word_1_60' title='bbox 798 663 996 717; x_wconf 83' lang='lat' dir='ltr'><strong>poematis</strong></span> <span class='ocrx_word' id='word_1_61' title='bbox 1037 659 1208 702; x_wconf 78' lang='lat' dir='ltr'><strong>Leschei</strong></span> <span class='ocrx_word' id='word_1_62' title='bbox 1244 673 1381 703; x_wconf 87' lang='lat' dir='ltr'><strong>narrat</strong></span> <span class='ocrx_word' id='word_1_63' title='bbox 1410 667 1519 719; x_wconf 86' lang='lat' dir='ltr'><strong>quod</strong></span> <span class='ocrx_word' id='word_1_64' title='bbox 1545 667 1636 706; x_wconf 91' lang='lat' dir='ltr'><strong>Ho-</strong></span> 
     </span>
     <span class='ocr_line' id='line_1_9' title="bbox 282 735 1637 794; baseline 0.002 -16"><span class='ocrx_word' id='word_1_65' title='bbox 282 739 414 786; x_wconf 75' lang='lat' dir='ltr'><strong>ratius</strong></span> <span class='ocrx_word' id='word_1_66' title='bbox 449 738 733 794; x_wconf 86' lang='lat' dir='ltr'><strong>perstrinxerit</strong></span> <span class='ocrx_word' id='word_1_67' title='bbox 768 753 809 778; x_wconf 90' lang='lat' dir='ltr'><strong>v.</strong></span> <span class='ocrx_word' id='word_1_68' title='bbox 850 736 945 792; x_wconf 81' lang='lat'><strong>136.</strong></span> <span class='ocrx_word' id='word_1_69' title='bbox 1008 735 1220 776; x_wconf 83' lang='lat' dir='ltr'><em>Fortunam</em></span> <span class='ocrx_word' id='word_1_70' title='bbox 1241 736 1402 778; x_wconf 85' lang='lat' dir='ltr'><strong>Priami</strong></span> <span class='ocrx_word' id='word_1_71' title='bbox 1421 741 1578 780; x_wconf 77' lang='lat' dir='ltr'><em>cantabo</em></span> <span class='ocrx_word' id='word_1_72' title='bbox 1598 750 1637 782; x_wconf 82' lang='lat' dir='ltr'><strong>et</strong></span> 
     </span>
     <span class='ocr_line' id='line_1_10' title="bbox 283 808 1635 861; baseline -0.001 -10"><span class='ocrx_word' id='word_1_73' title='bbox 283 810 404 852; x_wconf 74' lang='lat' dir='ltr'><strong>nobile</strong></span> <span class='ocrx_word' id='word_1_74' title='bbox 437 811 589 860; x_wconf 77' lang='lat' dir='ltr'><strong>bellum,</strong></span> <span class='ocrx_word' id='word_1_75' title='bbox 623 810 744 849; x_wconf 64' lang='lat' dir='ltr'><strong>&#39;Asiam</strong></span> <span class='ocrx_word' id='word_1_76' title='bbox 774 810 937 861; x_wconf 55' lang='grc' dir='ltr'><strong>Πριάμοιο</strong></span> <span class='ocrx_word' id='word_1_77' title='bbox 968 808 1074 857; x_wconf 77' lang='grc' dir='ltr'><strong><em>τύχην</em></strong></span> <span class='ocrx_word' id='word_1_78' title='bbox 1106 809 1253 856; x_wconf 64' lang='grc' dir='ltr'><strong>πόλεμὸν</strong></span> <span class='ocrx_word' id='word_1_79' title='bbox 1281 825 1316 846; x_wconf 84' lang='grc' dir='ltr'><strong>τε</strong></span> <span class='ocrx_word' id='word_1_80' title='bbox 1345 812 1493 848; x_wconf 77' lang='grc' dir='ltr'><strong>κλεεννόν.</strong></span> <span class='ocrx_word' id='word_1_81' title='bbox 1558 811 1635 854; x_wconf 81' lang='lat' dir='ltr'><strong>Sed</strong></span> 
     </span>
     <span class='ocr_line' id='line_1_11' title="bbox 282 879 1632 935; baseline 0.001 -11"><span class='ocrx_word' id='word_1_82' title='bbox 282 883 318 923; x_wconf 89' lang='lat' dir='ltr'><strong>is</strong></span> <span class='ocrx_word' id='word_1_83' title='bbox 352 883 489 924; x_wconf 87' lang='lat' dir='ltr'><strong>versus</strong></span> <span class='ocrx_word' id='word_1_84' title='bbox 524 898 547 923; x_wconf 91' lang='lat' dir='ltr'>a</span> <span class='ocrx_word' id='word_1_85' title='bbox 583 880 778 923; x_wconf 81' lang='lat' dir='ltr'><strong>Salmafio</strong></span> <span class='ocrx_word' id='word_1_86' title='bbox 812 879 1018 922; x_wconf 61' lang='lat' dir='ltr'><strong>confiehxs</strong></span> <span class='ocrx_word' id='word_1_87' title='bbox 1039 891 1079 921; x_wconf 85' lang='lat' dir='ltr'><strong>et</strong></span> <span class='ocrx_word' id='word_1_88' title='bbox 1101 896 1173 935; x_wconf 89' lang='lat' dir='ltr'><strong>pro</strong></span> <span class='ocrx_word' id='word_1_89' title='bbox 1195 896 1341 935; x_wconf 84' lang='lat' dir='ltr'><strong>paruae</strong></span> <span class='ocrx_word' id='word_1_90' title='bbox 1363 880 1505 925; x_wconf 80' lang='lat' dir='ltr'>Iliadis</span> <span class='ocrx_word' id='word_1_91' title='bbox 1529 883 1632 926; x_wconf 80' lang='lat' dir='ltr'><strong>Les-</strong></span> 
     </span>
     <span class='ocr_line' id='line_1_12' title="bbox 278 952 1633 1009; baseline 0.002 -12"><span class='ocrx_word' id='word_1_92' title='bbox 278 956 404 997; x_wconf 81' lang='lat' dir='ltr'><strong>cheae</strong></span> <span class='ocrx_word' id='word_1_93' title='bbox 425 956 560 1009; x_wconf 88' lang='lat' dir='ltr'><strong>primo</strong></span> <span class='ocrx_word' id='word_1_94' title='bbox 587 955 702 996; x_wconf 86' lang='lat' dir='ltr'><strong>versu</strong></span> <span class='ocrx_word' id='word_1_95' title='bbox 723 952 915 994; x_wconf 83' lang='lat' dir='ltr'><strong>venditus</strong></span> <span class='ocrx_word' id='word_1_96' title='bbox 935 952 992 993; x_wconf 86' lang='lat' dir='ltr'><strong>est</strong></span> <span class='ocrx_word' id='word_1_97' title='bbox 1020 952 1049 993; x_wconf 86' lang='lat' dir='ltr'><strong>l.</strong></span> <span class='ocrx_word' id='word_1_98' title='bbox 1075 967 1113 992; x_wconf 91' lang='lat' dir='ltr'><strong>c.</strong></span> <span class='ocrx_word' id='word_1_99' title='bbox 1137 967 1178 1006; x_wconf 88' lang='lat' dir='ltr'><strong>p.</strong></span> <span class='ocrx_word' id='word_1_100' title='bbox 1203 954 1300 995; x_wconf 86' lang='lat'><strong>601.</strong></span> <span class='ocrx_word' id='word_1_101' title='bbox 1339 956 1395 996; x_wconf 90' lang='lat' dir='ltr'><strong>A.</strong></span> <span class='ocrx_word' id='word_1_102' title='bbox 1419 957 1575 999; x_wconf 90' lang='lat' dir='ltr'><strong>scilicet</strong></span> <span class='ocrx_word' id='word_1_103' title='bbox 1598 960 1633 1000; x_wconf 89' lang='lat' dir='ltr'><strong>is</strong></span> 
     </span>
     <span class='ocr_line' id='line_1_13' title="bbox 282 1023 1636 1079; baseline 0.001 -10"><span class='ocrx_word' id='word_1_104' title='bbox 282 1026 459 1069; x_wconf 83' lang='lat' dir='ltr'><strong>Iliadem</strong></span> <span class='ocrx_word' id='word_1_105' title='bbox 486 1028 618 1068; x_wconf 70' lang='grc' dir='ltr'>ἐλάσσω</span> <span class='ocrx_word' id='word_1_106' title='bbox 639 1026 840 1067; x_wconf 83' lang='lat' dir='ltr'><strong>diuersam</strong></span> <span class='ocrx_word' id='word_1_107' title='bbox 861 1026 911 1066; x_wconf 83' lang='lat' dir='ltr'><strong>ab</strong></span> <span class='ocrx_word' id='word_1_108' title='bbox 935 1023 1063 1065; x_wconf 83' lang='lat' dir='ltr'>Iliade</span> <span class='ocrx_word' id='word_1_109' title='bbox 1091 1039 1234 1079; x_wconf 85' lang='lat' dir='ltr'><strong>parua,</strong></span> <span class='ocrx_word' id='word_1_110' title='bbox 1266 1036 1306 1066; x_wconf 91' lang='lat' dir='ltr'><strong>et</strong></span> <span class='ocrx_word' id='word_1_111' title='bbox 1340 1027 1508 1069; x_wconf 81' lang='lat' dir='ltr'><strong>eandem</strong></span> <span class='ocrx_word' id='word_1_112' title='bbox 1539 1045 1636 1072; x_wconf 87' lang='lat' dir='ltr'><strong>cum</strong></span> 
     </span>
     <span class='ocr_line' id='line_1_14' title="bbox 282 1097 1635 1155; baseline 0.003 -15"><span class='ocrx_word' id='word_1_113' title='bbox 282 1097 454 1155; x_wconf 86' lang='lat' dir='ltr'><strong>Cypriis</strong></span> <span class='ocrx_word' id='word_1_114' title='bbox 482 1099 736 1141; x_wconf 86' lang='lat' dir='ltr'>carminibus</span> <span class='ocrx_word' id='word_1_115' title='bbox 765 1098 841 1139; x_wconf 86' lang='lat' dir='ltr'><strong>esse</strong></span> <span class='ocrx_word' id='word_1_116' title='bbox 871 1098 1053 1148; x_wconf 77' lang='lat' dir='ltr'><strong>volebat,</strong></span> <span class='ocrx_word' id='word_1_117' title='bbox 1086 1108 1131 1138; x_wconf 91' lang='lat' dir='ltr'><strong>vt</strong></span> <span class='ocrx_word' id='word_1_118' title='bbox 1153 1099 1276 1139; x_wconf 88' lang='lat' dir='ltr'><strong>modo</strong></span> <span class='ocrx_word' id='word_1_119' title='bbox 1296 1100 1469 1142; x_wconf 63' lang='lat' dir='ltr'><strong>dictum.</strong></span> <span class='ocrx_word' id='word_1_120' title='bbox 1534 1102 1635 1144; x_wconf 84' lang='lat' dir='ltr'>Sine</span> 
     </span>
     <span class='ocr_line' id='line_1_15' title="bbox 279 1169 1630 1217; baseline 0.004 -5"><span class='ocrx_word' id='word_1_121' title='bbox 279 1171 458 1212; x_wconf 57' lang='lat' dir='ltr'><strong>auetoris</strong></span> <span class='ocrx_word' id='word_1_122' title='bbox 476 1172 646 1212; x_wconf 89' lang='lat' dir='ltr'><strong>nomine</strong></span> <span class='ocrx_word' id='word_1_123' title='bbox 660 1186 749 1212; x_wconf 87' lang='lat' dir='ltr'><strong>eam</strong></span> <span class='ocrx_word' id='word_1_124' title='bbox 764 1171 936 1212; x_wconf 84' lang='lat' dir='ltr'><strong>laudant</strong></span> <span class='ocrx_word' id='word_1_125' title='bbox 953 1169 1150 1212; x_wconf 84' lang='lat' dir='ltr'><strong>Clemens</strong></span> <span class='ocrx_word' id='word_1_126' title='bbox 1165 1171 1290 1212; x_wconf 87' lang='lat' dir='ltr'><strong>Alex.</strong></span> <span class='ocrx_word' id='word_1_127' title='bbox 1311 1184 1351 1213; x_wconf 89' lang='lat' dir='ltr'><strong>et</strong></span> <span class='ocrx_word' id='word_1_128' title='bbox 1366 1173 1465 1215; x_wconf 89' lang='lat' dir='ltr'><strong>Vet.</strong></span> <span class='ocrx_word' id='word_1_129' title='bbox 1484 1174 1630 1217; x_wconf 89' lang='lat' dir='ltr'><strong>Schol.</strong></span> 
     </span>
     <span class='ocr_line' id='line_1_16' title="bbox 279 1242 1632 1302; baseline 0.002 -16"><span class='ocrx_word' id='word_1_130' title='bbox 279 1242 497 1298; x_wconf 85' lang='lat' dir='ltr'>Euripidis</span> <span class='ocrx_word' id='word_1_131' title='bbox 519 1258 584 1299; x_wconf 90' lang='lat' dir='ltr'><strong>ap.</strong></span> <span class='ocrx_word' id='word_1_132' title='bbox 608 1243 774 1285; x_wconf 84' lang='lat' dir='ltr'><strong>Fabric.</strong></span> <span class='ocrx_word' id='word_1_133' title='bbox 802 1243 852 1285; x_wconf 93' lang='lat' dir='ltr'><strong>B.</strong></span> <span class='ocrx_word' id='word_1_134' title='bbox 878 1242 959 1285; x_wconf 87' lang='lat' dir='ltr'><strong>Gr.</strong></span> <span class='ocrx_word' id='word_1_135' title='bbox 990 1242 1052 1283; x_wconf 90' lang='lat' dir='ltr'><strong>T.</strong></span> <span class='ocrx_word' id='word_1_136' title='bbox 1091 1243 1127 1284; x_wconf 91' lang='grc' dir='ltr'><strong>Ι.</strong></span> <span class='ocrx_word' id='word_1_137' title='bbox 1152 1260 1193 1298; x_wconf 87' lang='lat' dir='ltr'><strong>p.</strong></span> <span class='ocrx_word' id='word_1_138' title='bbox 1218 1259 1314 1302; x_wconf 85' lang='lat'><strong>279.</strong></span> <span class='ocrx_word' id='word_1_139' title='bbox 1339 1248 1436 1289; x_wconf 84' lang='lat'><strong>280.</strong></span> <span class='ocrx_word' id='word_1_140' title='bbox 1460 1257 1500 1288; x_wconf 83' lang='lat' dir='ltr'><strong>et</strong></span> <span class='ocrx_word' id='word_1_141' title='bbox 1521 1247 1632 1289; x_wconf 82' lang='lat' dir='ltr'><strong>Pau-</strong></span> 
     </span>
     <span class='ocr_line' id='line_1_17' title="bbox 281 1314 1633 1366; baseline 0.005 -10"><span class='ocrx_word' id='word_1_142' title='bbox 281 1316 367 1358; x_wconf 88' lang='lat' dir='ltr'><strong>san.</strong></span> <span class='ocrx_word' id='word_1_143' title='bbox 391 1314 480 1366; x_wconf 88' lang='lat' dir='ltr'><strong>III,</strong></span> <span class='ocrx_word' id='word_1_144' title='bbox 512 1326 617 1356; x_wconf 84' lang='lat' dir='ltr'><strong>extr.</strong></span> <span class='ocrx_word' id='word_1_145' title='bbox 663 1316 724 1357; x_wconf 82' lang='lat' dir='ltr'><strong>At</strong></span> <span class='ocrx_word' id='word_1_146' title='bbox 757 1319 1021 1358; x_wconf 85' lang='lat' dir='ltr'><strong>communior</strong></span> <span class='ocrx_word' id='word_1_147' title='bbox 1043 1317 1242 1358; x_wconf 79' lang='lat' dir='ltr'><strong>sententia</strong></span> <span class='ocrx_word' id='word_1_148' title='bbox 1264 1319 1311 1359; x_wconf 86' lang='lat' dir='ltr'><strong>ad</strong></span> <span class='ocrx_word' id='word_1_149' title='bbox 1335 1318 1521 1361; x_wconf 85' lang='lat' dir='ltr'><strong>Leschen</strong></span> <span class='ocrx_word' id='word_1_150' title='bbox 1543 1338 1633 1364; x_wconf 82' lang='lat' dir='ltr'><strong>eam</strong></span> 
     </span>
     <span class='ocr_line' id='line_1_18' title="bbox 274 1389 1628 1449; baseline 0.004 -20"><span class='ocrx_word' id='word_1_151' title='bbox 274 1389 439 1441; x_wconf 59' lang='lat' dir='ltr'><strong>retulit.</strong></span> <span class='ocrx_word' id='word_1_152' title='bbox 460 1405 498 1429; x_wconf 88' lang='lat' dir='ltr'><strong>v.</strong></span> <span class='ocrx_word' id='word_1_153' title='bbox 523 1389 691 1430; x_wconf 89' lang='lat' dir='ltr'><strong>Fabric.</strong></span> <span class='ocrx_word' id='word_1_154' title='bbox 715 1391 816 1431; x_wconf 87' lang='lat' dir='ltr'>ibid.</span> <span class='ocrx_word' id='word_1_155' title='bbox 841 1407 882 1445; x_wconf 89' lang='lat' dir='ltr'><strong>p.</strong></span> <span class='ocrx_word' id='word_1_156' title='bbox 906 1392 1000 1434; x_wconf 90' lang='lat'><strong>180.</strong></span> <span class='ocrx_word' id='word_1_157' title='bbox 1031 1390 1171 1446; x_wconf 90' lang='lat' dir='ltr'><strong>Ryck.</strong></span> <span class='ocrx_word' id='word_1_158' title='bbox 1196 1406 1237 1444; x_wconf 85' lang='lat' dir='ltr'><strong>p.</strong></span> <span class='ocrx_word' id='word_1_159' title='bbox 1255 1406 1355 1446; x_wconf 84' lang='lat'><strong>444.</strong></span> <span class='ocrx_word' id='word_1_160' title='bbox 1376 1394 1446 1447; x_wconf 91' lang='lat' dir='ltr'><strong>qui</strong></span> <span class='ocrx_word' id='word_1_161' title='bbox 1465 1409 1505 1447; x_wconf 85' lang='lat' dir='ltr'><strong>p.</strong></span> <span class='ocrx_word' id='word_1_162' title='bbox 1529 1396 1628 1449; x_wconf 81' lang='grc'><strong>446.</strong></span> 
     </span>
     <span class='ocr_line' id='line_1_19' title="bbox 278 1463 1632 1521; baseline 0.002 -17"><span class='ocrx_word' id='word_1_163' title='bbox 278 1472 426 1504; x_wconf 79' lang='lat' dir='ltr'><strong>contra</strong></span> <span class='ocrx_word' id='word_1_164' title='bbox 445 1477 534 1504; x_wconf 87' lang='lat' dir='ltr'><strong>eam</strong></span> <span class='ocrx_word' id='word_1_165' title='bbox 556 1463 798 1506; x_wconf 83' lang='lat' dir='ltr'><strong>sententiam</strong></span> <span class='ocrx_word' id='word_1_166' title='bbox 835 1464 1033 1517; x_wconf 89' lang='lat' dir='ltr'><strong>disputat,</strong></span> <span class='ocrx_word' id='word_1_167' title='bbox 1066 1463 1131 1503; x_wconf 91' lang='lat' dir='ltr'><strong>sed</strong></span> <span class='ocrx_word' id='word_1_168' title='bbox 1164 1463 1311 1516; x_wconf 85' lang='lat' dir='ltr'><strong>cupide</strong></span> <span class='ocrx_word' id='word_1_169' title='bbox 1346 1467 1476 1520; x_wconf 79' lang='lat' dir='ltr'><strong>magis</strong></span> <span class='ocrx_word' id='word_1_170' title='bbox 1507 1482 1632 1521; x_wconf 82' lang='lat' dir='ltr'><strong>quam</strong></span> 
     </span>
     <span class='ocr_line' id='line_1_20' title="bbox 276 1537 1632 1596; baseline 0.003 -20"><span class='ocrx_word' id='word_1_171' title='bbox 276 1537 460 1591; x_wconf 85' lang='lat' dir='ltr'><strong>grauiter</strong></span> <span class='ocrx_word' id='word_1_172' title='bbox 479 1550 525 1577; x_wconf 84' lang='lat' dir='ltr'><strong>ac</strong></span> <span class='ocrx_word' id='word_1_173' title='bbox 551 1550 657 1577; x_wconf 85' lang='lat' dir='ltr'><strong>vere.</strong></span> <span class='ocrx_word' id='word_1_174' title='bbox 720 1537 874 1593; x_wconf 62' lang='lat' dir='ltr'><strong>Lqsches</strong></span> <span class='ocrx_word' id='word_1_175' title='bbox 894 1538 954 1578; x_wconf 88' lang='lat' dir='ltr'><strong>hic</strong></span> <span class='ocrx_word' id='word_1_176' title='bbox 961 1539 1002 1596; x_wconf 91' lang='lat' dir='ltr'><em>s</em></span> <span class='ocrx_word' id='word_1_177' title='bbox 1033 1537 1231 1594; x_wconf 73' lang='lat' dir='ltr'><em>Leschcus,</em></span> <span class='ocrx_word' id='word_1_178' title='bbox 1245 1542 1417 1588; x_wconf 72' lang='grc' dir='ltr'><strong>Λέσχεως,</strong></span> <span class='ocrx_word' id='word_1_179' title='bbox 1439 1537 1632 1591; x_wconf 76' lang='lat' dir='ltr'><strong>Lesbius,</strong></span> 
     </span>
     <span class='ocr_line' id='line_1_21' title="bbox 275 1609 1627 1668; baseline 0.003 -18"><span class='ocrx_word' id='word_1_180' title='bbox 275 1609 439 1665; x_wconf 38' lang='lat' dir='ltr'><strong>‚Pyrrha</strong></span> <span class='ocrx_word' id='word_1_181' title='bbox 462 1611 634 1650; x_wconf 85' lang='lat' dir='ltr'><strong>ciuitate</strong></span> <span class='ocrx_word' id='word_1_182' title='bbox 654 1611 874 1661; x_wconf 87' lang='lat' dir='ltr'><strong>oriundus,</strong></span> <span class='ocrx_word' id='word_1_183' title='bbox 906 1612 954 1651; x_wconf 92' lang='lat' dir='ltr'><strong>ad</strong></span> <span class='ocrx_word' id='word_1_184' title='bbox 977 1610 1127 1651; x_wconf 89' lang='lat' dir='ltr'><strong>Euseb.</strong></span> <span class='ocrx_word' id='word_1_185' title='bbox 1154 1611 1328 1652; x_wconf 83' lang='lat' dir='ltr'><strong>Hieron.</strong></span> <span class='ocrx_word' id='word_1_186' title='bbox 1364 1611 1411 1650; x_wconf 87' lang='lat' dir='ltr'><strong>ad</strong></span> <span class='ocrx_word' id='word_1_187' title='bbox 1447 1611 1627 1668; x_wconf 89' lang='lat' dir='ltr'><strong>Olymp.</strong></span> 
     </span>
     <span class='ocr_line' id='line_1_22' title="bbox 282 1680 1628 1741; baseline 0.001 -16"><span class='ocrx_word' id='word_1_188' title='bbox 282 1680 506 1731; x_wconf 85' lang='lat' dir='ltr'><strong>XXXIII.</strong></span> <span class='ocrx_word' id='word_1_189' title='bbox 539 1692 815 1725; x_wconf 84' lang='lat' dir='ltr'><strong>memoratur:</strong></span> <span class='ocrx_word' id='word_1_190' title='bbox 850 1684 1003 1741; x_wconf 65' lang='lat' dir='ltr'><strong>Lesches</strong></span> <span class='ocrx_word' id='word_1_191' title='bbox 1035 1684 1207 1737; x_wconf 77' lang='lat' dir='ltr'><strong>Lesbius,</strong></span> <span class='ocrx_word' id='word_1_192' title='bbox 1243 1685 1310 1739; x_wconf 86' lang='lat' dir='ltr'><strong>qui</strong></span> <span class='ocrx_word' id='word_1_193' title='bbox 1328 1683 1431 1741; x_wconf 78' lang='lat' dir='ltr'><strong>ficit</strong></span> <span class='ocrx_word' id='word_1_194' title='bbox 1456 1694 1628 1739; x_wconf 83' lang='lat' dir='ltr'><strong>paruam</strong></span> 
     </span>
     <span class='ocr_line' id='line_1_23' title="bbox 279 1756 1412 1811; baseline 0 -13"><span class='ocrx_word' id='word_1_195' title='bbox 279 1756 460 1806; x_wconf 80' lang='lat' dir='ltr'><strong>Iliadem,</strong></span> <span class='ocrx_word' id='word_1_196' title='bbox 490 1765 536 1796; x_wconf 88' lang='lat' dir='ltr'><strong>vt</strong></span> <span class='ocrx_word' id='word_1_197' title='bbox 558 1756 664 1796; x_wconf 84' lang='lat' dir='ltr'><strong>inter</strong></span> <span class='ocrx_word' id='word_1_198' title='bbox 682 1757 982 1811; x_wconf 81' lang='lat' dir='ltr'><strong>antiquiffimos</strong></span> <span class='ocrx_word' id='word_1_199' title='bbox 1004 1757 1102 1798; x_wconf 85' lang='lat' dir='ltr'><strong>adeo</strong></span> <span class='ocrx_word' id='word_1_200' title='bbox 1120 1757 1332 1798; x_wconf 78' lang='lat' dir='ltr'><strong>habendus</strong></span> <span class='ocrx_word' id='word_1_201' title='bbox 1349 1756 1412 1798; x_wconf 88' lang='lat' dir='ltr'><strong>fit.</strong></span> 
     </span>
    </p>

    <p class='ocr_par' dir='ltr' id='par_1_3' title="bbox 278 1826 1631 2762">
     <span class='ocr_line' id='line_1_24' title="bbox 337 1826 1625 1883; baseline 0.002 -15"><span class='ocrx_word' id='word_1_202' title='bbox 337 1826 426 1868; x_wconf 85' lang='lat' dir='ltr'><strong>Iam</strong></span> <span class='ocrx_word' id='word_1_203' title='bbox 448 1828 593 1883; x_wconf 81' lang='lat' dir='ltr'><strong>Cypria</strong></span> <span class='ocrx_word' id='word_1_204' title='bbox 612 1829 804 1880; x_wconf 82' lang='lat' dir='ltr'><strong>carmina,</strong></span> <span class='ocrx_word' id='word_1_205' title='bbox 837 1829 960 1869; x_wconf 88' lang='lat' dir='ltr'><strong>modo</strong></span> <span class='ocrx_word' id='word_1_206' title='bbox 981 1839 1222 1879; x_wconf 77' lang='lat' dir='ltr'><strong>memorata,</strong></span> <span class='ocrx_word' id='word_1_207' title='bbox 1242 1829 1289 1866; x_wconf 70' lang='grc' dir='ltr'><strong>τὰ</strong></span> <span class='ocrx_word' id='word_1_208' title='bbox 1302 1831 1441 1881; x_wconf 64' lang='grc' dir='ltr'><strong>Κύπξιεε</strong></span> <span class='ocrx_word' id='word_1_209' title='bbox 1462 1832 1539 1875; x_wconf 69' lang='grc' dir='ltr'><strong>ἔπη,</strong></span> <span class='ocrx_word' id='word_1_210' title='bbox 1560 1832 1625 1872; x_wconf 83' lang='lat' dir='ltr'><strong>vei</strong></span> 
     </span>
     <span class='ocr_line' id='line_1_25' title="bbox 282 1901 1628 1958; baseline 0.006 -19"><span class='ocrx_word' id='word_1_211' title='bbox 282 1902 327 1939; x_wconf 64' lang='grc' dir='ltr'><strong>τὰ</strong></span> <span class='ocrx_word' id='word_1_212' title='bbox 346 1902 497 1952; x_wconf 65' lang='grc' dir='ltr'><strong>Κέπξιοι,</strong></span> <span class='ocrx_word' id='word_1_213' title='bbox 527 1902 635 1956; x_wconf 82' lang='lat' dir='ltr'><strong>¹apud</strong></span> <span class='ocrx_word' id='word_1_214' title='bbox 667 1901 839 1942; x_wconf 86' lang='lat' dir='ltr'><strong>Aristot.</strong></span> <span class='ocrx_word' id='word_1_215' title='bbox 873 1901 922 1942; x_wconf 92' lang='lat' dir='ltr'><strong>de</strong></span> <span class='ocrx_word' id='word_1_216' title='bbox 958 1901 1074 1942; x_wconf 78' lang='lat' dir='ltr'><strong>Poet.</strong></span> <span class='ocrx_word' id='word_1_217' title='bbox 1110 1917 1147 1942; x_wconf 88' lang='lat' dir='ltr'><strong>e.</strong></span> <span class='ocrx_word' id='word_1_218' title='bbox 1173 1916 1239 1958; x_wconf 80' lang='lat'><strong>23.</strong></span> <span class='ocrx_word' id='word_1_219' title='bbox 1264 1903 1400 1945; x_wconf 79' lang='lat' dir='ltr'><strong>videas</strong></span> <span class='ocrx_word' id='word_1_220' title='bbox 1427 1919 1508 1945; x_wconf 78' lang='lat' dir='ltr'><strong>vna</strong></span> <span class='ocrx_word' id='word_1_221' title='bbox 1529 1920 1628 1947; x_wconf 88' lang='lat' dir='ltr'><strong>cum</strong></span> 
     </span>
     <span class='ocr_line' id='line_1_26' title="bbox 283 1973 1631 2029; baseline 0.003 -14"><span class='ocrx_word' id='word_1_222' title='bbox 283 1990 407 2028; x_wconf 84' lang='lat' dir='ltr'><strong>parua</strong></span> <span class='ocrx_word' id='word_1_223' title='bbox 442 1973 569 2015; x_wconf 83' lang='lat' dir='ltr'><strong>Iliade</strong></span> <span class='ocrx_word' id='word_1_224' title='bbox 591 1974 772 2024; x_wconf 60' lang='lat' dir='ltr'><strong>laudata,</strong></span> <span class='ocrx_word' id='word_1_225' title='bbox 806 1975 993 2029; x_wconf 83' lang='lat' dir='ltr'><strong>quoipso</strong></span> <span class='ocrx_word' id='word_1_226' title='bbox 1020 1975 1282 2016; x_wconf 79' lang='lat' dir='ltr'><strong>manifestum</strong></span> <span class='ocrx_word' id='word_1_227' title='bbox 1304 1975 1367 2028; x_wconf 81' lang='lat' dir='ltr'><strong>fit,</strong></span> <span class='ocrx_word' id='word_1_228' title='bbox 1399 1978 1556 2018; x_wconf 80' lang='lat' dir='ltr'><strong>diuersa</strong></span> <span class='ocrx_word' id='word_1_229' title='bbox 1582 1994 1631 2020; x_wconf 84' lang='lat' dir='ltr'><strong>ea.</strong></span> 
     </span>
     <span class='ocr_line' id='line_1_27' title="bbox 281 2046 1627 2105; baseline 0.004 -18"><span class='ocrx_word' id='word_1_230' title='bbox 281 2047 464 2087; x_wconf 78' lang='lat' dir='ltr'><strong>carmina</strong></span> <span class='ocrx_word' id='word_1_231' title='bbox 486 2046 629 2097; x_wconf 84' lang='lat' dir='ltr'><strong>fuisse3</strong></span> <span class='ocrx_word' id='word_1_232' title='bbox 662 2047 722 2087; x_wconf 82' lang='lat' dir='ltr'><strong>vti</strong></span> <span class='ocrx_word' id='word_1_233' title='bbox 754 2062 804 2088; x_wconf 87' lang='lat' dir='ltr'><strong>ex</strong></span> <span class='ocrx_word' id='word_1_234' title='bbox 846 2046 965 2088; x_wconf 83' lang='lat' dir='ltr'><strong>Paus.</strong></span> <span class='ocrx_word' id='word_1_235' title='bbox 1000 2047 1060 2098; x_wconf 85' lang='lat' dir='ltr'><strong>X,</strong></span> <span class='ocrx_word' id='word_1_236' title='bbox 1099 2048 1167 2091; x_wconf 82' lang='lat'><strong>26.</strong></span> <span class='ocrx_word' id='word_1_237' title='bbox 1211 2049 1352 2090; x_wconf 83' lang='lat' dir='ltr'><strong>saitem</strong></span> <span class='ocrx_word' id='word_1_238' title='bbox 1389 2051 1468 2091; x_wconf 82' lang='lat' dir='ltr'><strong>hoc</strong></span> <span class='ocrx_word' id='word_1_239' title='bbox 1497 2061 1627 2105; x_wconf 73' lang='lat' dir='ltr'><strong>patet,</strong></span> 
     </span>
     <span class='ocr_line' id='line_1_28' title="bbox 281 2118 1628 2177; baseline 0.003 -18"><span class='ocrx_word' id='word_1_240' title='bbox 281 2120 329 2160; x_wconf 85' lang='lat' dir='ltr'><strong>ab</strong></span> <span class='ocrx_word' id='word_1_241' title='bbox 351 2118 524 2161; x_wconf 83' lang='lat' dir='ltr'><strong>Leschci</strong></span> <span class='ocrx_word' id='word_1_242' title='bbox 547 2118 629 2157; x_wconf 64' lang='grc' dir='ltr'><strong>Ἰλῖε</strong></span> <span class='ocrx_word' id='word_1_243' title='bbox 648 2123 758 2171; x_wconf 68' lang='grc' dir='ltr'><strong><em>πέςσει</em></strong></span> <span class='ocrx_word' id='word_1_244' title='bbox 788 2121 995 2162; x_wconf 80' lang='lat' dir='ltr'><strong>diuersum</strong></span> <span class='ocrx_word' id='word_1_245' title='bbox 1021 2137 1125 2177; x_wconf 82' lang='lat' dir='ltr'><strong>opus</strong></span> <span class='ocrx_word' id='word_1_246' title='bbox 1149 2122 1281 2163; x_wconf 85' lang='lat' dir='ltr'><strong>fuisse.</strong></span> <span class='ocrx_word' id='word_1_247' title='bbox 1343 2122 1556 2164; x_wconf 83' lang='lat' dir='ltr'><strong>Videntur</strong></span> <span class='ocrx_word' id='word_1_248' title='bbox 1581 2139 1628 2163; x_wconf 86' lang='lat' dir='ltr'><strong>ea</strong></span> 
     </span>
     <span class='ocr_line' id='line_1_29' title="bbox 281 2193 1626 2246; baseline 0.001 -12"><span class='ocrx_word' id='word_1_249' title='bbox 281 2194 629 2246; x_wconf 80' lang='lat' dir='ltr'><strong>comprehendiffe</strong></span> <span class='ocrx_word' id='word_1_250' title='bbox 659 2196 864 2236; x_wconf 84' lang='lat' dir='ltr'><strong>anteriora</strong></span> <span class='ocrx_word' id='word_1_251' title='bbox 897 2193 1057 2236; x_wconf 83' lang='lat' dir='ltr'><strong>Iliadis.</strong></span> <span class='ocrx_word' id='word_1_252' title='bbox 1133 2194 1256 2236; x_wconf 85' lang='lat' dir='ltr'><strong>Certe</strong></span> <span class='ocrx_word' id='word_1_253' title='bbox 1292 2196 1341 2236; x_wconf 81' lang='lat' dir='ltr'><strong>ab</strong></span> <span class='ocrx_word' id='word_1_254' title='bbox 1376 2194 1527 2235; x_wconf 88' lang='lat' dir='ltr'><strong>Herod.</strong></span> <span class='ocrx_word' id='word_1_255' title='bbox 1562 2194 1626 2245; x_wconf 83' lang='lat' dir='ltr'><strong>II,</strong></span> 
     </span>
     <span class='ocr_line' id='line_1_30' title="bbox 283 2267 1629 2323; baseline 0 -14"><span class='ocrx_word' id='word_1_256' title='bbox 283 2279 379 2322; x_wconf 86' lang='lat'><strong>117.</strong></span> <span class='ocrx_word' id='word_1_257' title='bbox 419 2267 537 2321; x_wconf 88' lang='lat' dir='ltr'><strong>super</strong></span> <span class='ocrx_word' id='word_1_258' title='bbox 565 2267 748 2321; x_wconf 81' lang='lat' dir='ltr'><strong>Helenae</strong></span> <span class='ocrx_word' id='word_1_259' title='bbox 779 2278 901 2323; x_wconf 86' lang='lat' dir='ltr'><strong>raptu</strong></span> <span class='ocrx_word' id='word_1_260' title='bbox 928 2268 1168 2319; x_wconf 79' lang='lat' dir='ltr'><strong>laudantur,</strong></span> <span class='ocrx_word' id='word_1_261' title='bbox 1199 2279 1241 2309; x_wconf 89' lang='lat' dir='ltr'><strong>et</strong></span> <span class='ocrx_word' id='word_1_262' title='bbox 1269 2268 1405 2310; x_wconf 86' lang='lat' dir='ltr'><strong>versus</strong></span> <span class='ocrx_word' id='word_1_263' title='bbox 1437 2283 1486 2309; x_wconf 91' lang='lat' dir='ltr'><strong>ex</strong></span> <span class='ocrx_word' id='word_1_264' title='bbox 1520 2269 1629 2309; x_wconf 85' lang='lat' dir='ltr'><strong>libro</strong></span> 
     </span>
     <span class='ocr_line' id='line_1_31' title="bbox 281 2336 1626 2396; baseline 0.001 -19"><span class='ocrx_word' id='word_1_265' title='bbox 281 2336 364 2378; x_wconf 91' lang='lat' dir='ltr'><strong>XI.</strong></span> <span class='ocrx_word' id='word_1_266' title='bbox 388 2339 438 2379; x_wconf 89' lang='lat' dir='ltr'><strong>ab</strong></span> <span class='ocrx_word' id='word_1_267' title='bbox 455 2340 614 2380; x_wconf 88' lang='lat' dir='ltr'><strong>Athen.</strong></span> <span class='ocrx_word' id='word_1_268' title='bbox 639 2340 745 2382; x_wconf 90' lang='lat' dir='ltr'><strong>XV.</strong></span> <span class='ocrx_word' id='word_1_269' title='bbox 767 2356 808 2396; x_wconf 88' lang='lat' dir='ltr'><strong>p.</strong></span> <span class='ocrx_word' id='word_1_270' title='bbox 844 2342 940 2383; x_wconf 83' lang='lat'><strong>682.</strong></span> <span class='ocrx_word' id='word_1_271' title='bbox 962 2340 1013 2381; x_wconf 80' lang='lat' dir='ltr'><strong>E.</strong></span> <span class='ocrx_word' id='word_1_272' title='bbox 1035 2340 1084 2381; x_wconf 87' lang='lat' dir='ltr'><strong>F.</strong></span> <span class='ocrx_word' id='word_1_273' title='bbox 1105 2341 1332 2394; x_wconf 81' lang='lat' dir='ltr'><strong>exscriptos</strong></span> <span class='ocrx_word' id='word_1_274' title='bbox 1354 2340 1401 2379; x_wconf 81' lang='lat' dir='ltr'><strong>ad</strong></span> <span class='ocrx_word' id='word_1_275' title='bbox 1425 2340 1626 2380; x_wconf 81' lang='lat' dir='ltr'><strong>iudicium</strong></span> 
     </span>
     <span class='ocr_line' id='line_1_32' title="bbox 279 2408 1626 2467; baseline 0.001 -17"><span class='ocrx_word' id='word_1_276' title='bbox 279 2408 438 2453; x_wconf 86' lang='lat' dir='ltr'><strong>Paridis</strong></span> <span class='ocrx_word' id='word_1_277' title='bbox 462 2412 714 2465; x_wconf 76' lang='lat' dir='ltr'><strong>pertinuisse,</strong></span> <span class='ocrx_word' id='word_1_278' title='bbox 747 2414 870 2454; x_wconf 84' lang='lat' dir='ltr'><strong>facile</strong></span> <span class='ocrx_word' id='word_1_279' title='bbox 890 2413 1045 2467; x_wconf 81' lang='lat' dir='ltr'><strong>aliquis</strong></span> <span class='ocrx_word' id='word_1_280' title='bbox 1074 2413 1323 2466; x_wconf 83' lang='lat' dir='ltr'><strong>suspicetur;</strong></span> <span class='ocrx_word' id='word_1_281' title='bbox 1360 2412 1440 2461; x_wconf 82' lang='lat' dir='ltr'><strong>sed,</strong></span> <span class='ocrx_word' id='word_1_282' title='bbox 1473 2411 1499 2452; x_wconf 87' lang='lat' dir='ltr'><strong>si</strong></span> <span class='ocrx_word' id='word_1_283' title='bbox 1518 2412 1626 2452; x_wconf 88' lang='lat' dir='ltr'><strong>libro</strong></span> 
     </span>
     <span class='ocr_line' id='line_1_33' title="bbox 279 2485 1625 2540; baseline -0.001 -14"><span class='ocrx_word' id='word_1_284' title='bbox 279 2487 446 2526; x_wconf 82' lang='lat' dir='ltr'><strong>demum</strong></span> <span class='ocrx_word' id='word_1_285' title='bbox 468 2487 660 2528; x_wconf 79' lang='lat' dir='ltr'><strong>vndecimo</strong></span> <span class='ocrx_word' id='word_1_286' title='bbox 681 2502 726 2526; x_wconf 84' lang='lat' dir='ltr'><strong>ea</strong></span> <span class='ocrx_word' id='word_1_287' title='bbox 742 2487 790 2526; x_wconf 90' lang='lat' dir='ltr'><strong>de</strong></span> <span class='ocrx_word' id='word_1_288' title='bbox 810 2501 852 2527; x_wconf 83' lang='lat' dir='ltr'><strong>re</strong></span> <span class='ocrx_word' id='word_1_289' title='bbox 874 2488 955 2527; x_wconf 86' lang='lat' dir='ltr'><strong>fuit</strong></span> <span class='ocrx_word' id='word_1_290' title='bbox 971 2487 1127 2538; x_wconf 65' lang='lat' dir='ltr'><strong>aditum,</strong></span> <span class='ocrx_word' id='word_1_291' title='bbox 1150 2486 1338 2540; x_wconf 58' lang='lat' dir='ltr'><strong>reciteque</strong></span> <span class='ocrx_word' id='word_1_292' title='bbox 1356 2485 1411 2524; x_wconf 86' lang='lat' dir='ltr'><strong>ita</strong></span> <span class='ocrx_word' id='word_1_293' title='bbox 1428 2485 1625 2539; x_wconf 83' lang='lat' dir='ltr'><strong>scriptum</strong></span> 
     </span>
     <span class='ocr_line' id='line_1_34' title="bbox 278 2557 1626 2613; baseline -0.001 -16"><span class='ocrx_word' id='word_1_294' title='bbox 278 2557 351 2607; x_wconf 86' lang='lat' dir='ltr'><strong>cst,</strong></span> <span class='ocrx_word' id='word_1_295' title='bbox 383 2572 507 2612; x_wconf 86' lang='lat' dir='ltr'><strong>quam</strong></span> <span class='ocrx_word' id='word_1_296' title='bbox 524 2559 686 2613; x_wconf 87' lang='lat' dir='ltr'><strong>copiose</strong></span> <span class='ocrx_word' id='word_1_297' title='bbox 715 2560 757 2600; x_wconf 89' lang='lat' dir='ltr'><strong>in</strong></span> <span class='ocrx_word' id='word_1_298' title='bbox 779 2560 1115 2602; x_wconf 81' lang='lat' dir='ltr'><strong>antecedentibus</strong></span> <span class='ocrx_word' id='word_1_299' title='bbox 1146 2560 1261 2601; x_wconf 86' lang='lat' dir='ltr'><strong>libris</strong></span> <span class='ocrx_word' id='word_1_300' title='bbox 1291 2570 1379 2600; x_wconf 83' lang='lat' dir='ltr'><strong>tota</strong></span> <span class='ocrx_word' id='word_1_301' title='bbox 1395 2558 1442 2597; x_wconf 90' lang='lat' dir='ltr'><strong>de</strong></span> <span class='ocrx_word' id='word_1_302' title='bbox 1465 2557 1626 2598; x_wconf 83' lang='lat' dir='ltr'><strong>Helena</strong></span> 
     </span>
     <span class='ocr_line' id='line_1_35' title="bbox 278 2626 1620 2675; baseline 0 -6"><span class='ocrx_word' id='word_1_303' title='bbox 278 2640 318 2669; x_wconf 85' lang='lat' dir='ltr'><strong>et</strong></span> <span class='ocrx_word' id='word_1_304' title='bbox 351 2628 571 2673; x_wconf 83' lang='lat' dir='ltr'><strong>Dioscuris</strong></span> <span class='ocrx_word' id='word_1_305' title='bbox 600 2626 781 2674; x_wconf 83' lang='lat' dir='ltr'><strong>narratio</strong></span> <span class='ocrx_word' id='word_1_306' title='bbox 812 2633 957 2675; x_wconf 85' lang='lat' dir='ltr'><strong>debuit</strong></span> <span class='ocrx_word' id='word_1_307' title='bbox 992 2632 1067 2674; x_wconf 84' lang='lat' dir='ltr'><strong>effe</strong></span> <span class='ocrx_word' id='word_1_308' title='bbox 1103 2629 1301 2672; x_wconf 66' lang='lat' dir='ltr'><strong>traetata!</strong></span> <span class='ocrx_word' id='word_1_309' title='bbox 1336 2641 1380 2672; x_wconf 89' lang='lat' dir='ltr'><strong>vt</strong></span> <span class='ocrx_word' id='word_1_310' title='bbox 1416 2630 1521 2671; x_wconf 85' lang='lat' dir='ltr'><strong>forte</strong></span> <span class='ocrx_word' id='word_1_311' title='bbox 1550 2630 1620 2670; x_wconf 86' lang='lat' dir='ltr'><strong>hic</strong></span> 
     </span>
     <span class='ocr_line' id='line_1_36' title="bbox 280 2703 1620 2762; baseline 0.002 -21"><span class='ocrx_word' id='word_1_312' title='bbox 280 2703 451 2755; x_wconf 84' lang='lat' dir='ltr'><strong>scriptor</strong></span> <span class='ocrx_word' id='word_1_313' title='bbox 480 2717 576 2743; x_wconf 86' lang='lat' dir='ltr'><strong>cum</strong></span> <span class='ocrx_word' id='word_1_314' title='bbox 608 2703 802 2757; x_wconf 74' lang='lat' dir='ltr'><strong>Salmasio</strong></span> <span class='ocrx_word' id='word_1_315' title='bbox 824 2722 862 2760; x_wconf 89' lang='lat' dir='ltr'><strong>p.</strong></span> <span class='ocrx_word' id='word_1_316' title='bbox 888 2719 984 2762; x_wconf 83' lang='lat'><strong>599.</strong></span> <span class='ocrx_word' id='word_1_317' title='bbox 1008 2707 1052 2746; x_wconf 91' lang='lat' dir='ltr'><strong>in</strong></span> <span class='ocrx_word' id='word_1_318' title='bbox 1076 2704 1207 2746; x_wconf 79' lang='lat' dir='ltr'><strong>Solin.</strong></span> <span class='ocrx_word' id='word_1_319' title='bbox 1241 2705 1466 2757; x_wconf 83' lang='lat' dir='ltr'><strong>censendus</strong></span> <span class='ocrx_word' id='word_1_320' title='bbox 1488 2703 1537 2744; x_wconf 84' lang='lat' dir='ltr'><strong>fit</strong></span> <span class='ocrx_word' id='word_1_321' title='bbox 1568 2704 1620 2753; x_wconf 86' lang='lat' dir='ltr'><strong>is,</strong></span> 
     </span>
    </p>
   </div>
   <div class='ocr_carea' id='block_1_3' title="bbox 281 2775 1628 2892">
    <p class='ocr_par' dir='ltr' id='par_1_4' title="bbox 281 2775 1628 2892">
     <span class='ocr_line' id='line_1_37' title="bbox 281 2775 1622 2831; baseline 0.001 -17"><span class='ocrx_word' id='word_1_322' title='bbox 281 2775 353 2829; x_wconf 88' lang='lat' dir='ltr'><strong>qui</strong></span> <span class='ocrx_word' id='word_1_323' title='bbox 381 2776 528 2829; x_wconf 78' lang='lat' dir='ltr'><strong>gemino</strong></span> <span class='ocrx_word' id='word_1_324' title='bbox 560 2776 718 2818; x_wconf 85' lang='lat' dir='ltr'><strong>bellum</strong></span> <span class='ocrx_word' id='word_1_325' title='bbox 751 2777 989 2820; x_wconf 84' lang='lat' dir='ltr'><strong>Troianum</strong></span> <span class='ocrx_word' id='word_1_326' title='bbox 1030 2779 1186 2820; x_wconf 83' lang='lat' dir='ltr'><strong>orditur</strong></span> <span class='ocrx_word' id='word_1_327' title='bbox 1212 2779 1260 2820; x_wconf 80' lang='lat' dir='ltr'><strong>ab</strong></span> <span class='ocrx_word' id='word_1_328' title='bbox 1287 2794 1367 2821; x_wconf 85' lang='lat' dir='ltr'><strong>ouo.</strong></span> <span class='ocrx_word' id='word_1_329' title='bbox 1442 2776 1622 2831; x_wconf 85' lang='lat' dir='ltr'><strong>Aliquot</strong></span> 
     </span>
     <span class='ocr_line' id='line_1_38' title="bbox 1490 2848 1628 2892; baseline -0.007 0"><span class='ocrx_word' id='word_1_330' title='bbox 1490 2848 1628 2892; x_wconf 80' lang='lat' dir='ltr'><strong>versus</strong></span> 
     </span>
    </p>
   </div>
  </div>
 </body>
</html>
