1685 3093
190 151 251 205 64
467 143 518 187 P.
537 141 762 184 Vxxexux
783 133 1015 178 Mmzoms
1037 133 1235 176 Aenus.
1389 127 1489 174 Lib.
1515 138 1557 174 r.

193 253 370 309 Qippe
387 256 504 289 vetor
527 246 636 287 fatis.
698 238 886 282 Pallasne
905 251 1076 279 exurere
1096 235 1264 278 classem

197 324 422 379 Argivom,
454 329 578 373 atque
600 314 707 368 ipsos
728 311 865 367 potuit
886 310 1144 364 submergere
1168 317 1314 363 ponto,
1499 317 1560 361 40
1604 310 1610 317 '

199 396 346 438 Unius
365 394 418 436 ob
440 403 591 434 noxam
611 396 653 425 et
674 385 800 426 furias
821 383 967 439 Ajaeis
988 380 1105 423 Oilei
1125 379 1140 420 ?

195 468 310 524 Ipsa,
342 466 462 521 Jovis
482 460 672 517 rapidum
688 456 875 515 jaculata
892 471 914 496 e
935 455 1120 496 nubibus
1144 453 1301 508 ignem,

193 538 466 596 Disjecitque
487 544 611 581 rates,
640 531 875 585 evertitque
895 541 1072 582 aequora
1092 525 1225 566 ventis
1245 538 1258 566 ;

194 611 329 654 Illum
347 609 626 663 exspirantem
646 600 847 645 transfixo
868 600 1031 655 pectore
1053 599 1241 639 flammas

196 682 397 725 Turbine
420 679 652 733 conripuit,
686 676 941 730 scopuloque
969 671 1109 714 infixit
1130 677 1271 710 acuto.
1501 680 1560 725 45

197 754 278 797 Ast
297 767 392 809 ego,
426 765 529 807 quae
551 751 692 791 divom
715 748 860 790 incedo
882 746 1040 801 regina,
1072 742 1277 797 Jovisque

197 827 261 871 Et
280 827 392 868 soror
411 834 452 866 et
473 826 568 880 conj
578 838 650 873 ux,
683 835 766 862 una
786 835 882 860 cum
905 827 1029 874 gente
1051 826 1115 857 tot
1136 827 1269 856 annos

199 898 325 942 Bella
346 912 457 954 gero.
516 906 558 936 et
578 894 798 948 quisquam
819 904 976 931 numen
998 888 1184 943 Junonis
1205 885 1345 928 adoret

198 970 435 1018 Praeterea,
467 976 538 1007 aut
560 963 730 1017 supplex
752 963 830 1004 aris
854 963 1027 1016 inponat
1049 961 1252 1000 honorem
1272 957 1288 999 ?

201 1043 337 1083 Talia
359 1041 568 1081 flammato
590 1038 726 1078 secum
746 1035 822 1076 dea
843 1033 965 1074 corde
985 1032 1201 1082 volutans,
1506 1041 1565 1086 50

201 1114 462 1157 Nimborum
484 1112 528 1153 in
551 1111 744 1166 patriam,
773 1107 866 1148 loca
886 1107 997 1147 foeta
1019 1104 1255 1146 furentibus
1277 1102 1439 1156 austris,

203 1188 404 1230 Aeoliam
424 1186 556 1227 venit.
617 1184 685 1223 hic
707 1179 821 1223 vasto
839 1195 909 1220 rex
932 1178 1089 1220 Aeolus
1112 1186 1235 1218 antro

205 1259 432 1301 Lussantis
454 1267 600 1298 ventos
621 1252 959 1308 tempestatesque
982 1252 1149 1293 sonoras

205 1331 396 1385 Imperio
416 1330 581 1384 premit,
613 1342 659 1367 ac
681 1326 834 1367 vinclis
855 1336 896 1366 et
917 1339 1079 1366 carcere
1100 1325 1249 1365 frenat.

211 1402 289 1445 Illi
311 1403 578 1458 indignantes
599 1414 754 1455 magno
773 1414 870 1440 cum
891 1413 1103 1439 murmure
1124 1397 1281 1439 montis
1511 1404 1568 1451 55

208 1474 390 1519 Circum
409 1473 586 1516 claustra
607 1474 809 1514 fremunt.
869 1472 976 1512 celsa
997 1471 1104 1512 sedet
1126 1470 1286 1512 Aeolus
1310 1482 1402 1510 arce

213 1548 386 1603 Sceptra
405 1558 570 1598 tenens,
599 1547 821 1601 mollitque
842 1546 1022 1595 animos,
1051 1554 1091 1585 et
1113 1551 1315 1597 temperat
1334 1543 1430 1583 iras.

213 1621 276 1664 Ni
297 1622 441 1671 faciat,
470 1621 599 1661 maria
619 1634 666 1660 ac
689 1629 816 1660 terras
836 1619 1081 1671 caelumque
1100 1614 1358 1671 profundum

212 1694 387 1750 Qippe
406 1694 541 1735 ferant
560 1693 691 1748 rapidi
713 1693 868 1742 secum,
892 1699 1141 1744 verrantque
1163 1702 1236 1743 per
1256 1700 1392 1729 auras.

210 1767 290 1809 Sed
313 1777 426 1822 pater
444 1766 709 1821 omnipotens
733 1763 935 1819 speluncis
957 1762 1116 1804 abdidit
1137 1763 1257 1811 atris,
1331 1804 1335 1807 J
1506 1759 1565 1804 60

214 1838 310 1879 Hoc
331 1848 520 1878 metuens
540 1852 550 1879 :
584 1837 818 1891 molemque
837 1846 880 1876 et
900 1838 1054 1877 montis
1076 1835 1239 1890 insuper
1261 1833 1369 1875 altos

216 1910 430 1966 Inposuit,
460 1923 679 1965 regemque
699 1909 828 1960 dedit,
861 1911 935 1963 qui
959 1908 1120 1949 foedere
1140 1916 1256 1947 certo

215 1987 274 2030 Et
292 2001 493 2042 premere,
522 1996 564 2026 et
584 1986 699 2027 laxas
723 1986 841 2027 sciret
863 1987 956 2025 dare
973 1981 1106 2041 juffus
1127 1981 1323 2022 habenas.

272 2134 333 2186 56.
365 2134 430 2185 Of
443 2133 579 2184 Ajax]
635 2131 764 2183 Virgil
785 2129 909 2181 might
929 2128 1016 2166 here
1036 2128 1132 2164 have
1158 2139 1207 2165 an
1235 2138 1304 2176 eye
1327 2133 1367 2163 to
1387 2121 1487 2161 some
1506 2136 1569 2161 ee·

219 2187 389 2225 lebrated
416 2186 560 2236 picture
584 2185 632 2222 of
653 2185 725 2222 this
761 2185 873 2233 Ajax.
929 2179 1129 2230 Apollodori
1151 2183 1197 2230 est
1221 2181 1322 2230 Ajax
1329 2177 1485 2228 fulmine
1511 2180 1570 2214 in·

219 2239 620 2333 {efflf'ssiizssssrgami
633 2238 811 2288 spet‘Jatur
831 2237 941 2274 hodie.
1000 2233 1099 2272 Plin.
1123 2233 1151 2271 l.
1168 2245 1280 2271 XXXV.
1302 2245 1336 2271 c.
1358 2243 1398 2283 9.
1419 2242 1459 2282 p.
1476 2242 1569 2280 429„
