1685 3093
228 145 283 200 46
427 141 617 196 nrsQ
654 138 716 180 11.
777 134 1060 180 DERER.
1096 136 1175 180 IN
1206 138 1370 182 AEN.

232 245 371 294 Italia,
405 259 508 299 quae
531 244 637 284 fama
659 241 822 281 tandem
845 256 937 295 prae
959 243 1105 282 ceteris
1127 244 1282 284 credita
1301 258 1348 284 ac
1370 243 1570 286 celebrata

228 320 302 370 est,
335 316 549 359 consediffe
569 326 608 354 et
628 315 755 354 vitam
778 311 919 354 finiisse
939 313 1186 366 narraffent3
1219 317 1381 357 fuerant
1403 331 1572 372 quoque

232 392 305 445 qui
329 392 371 430 in
395 390 475 443 ipsa
498 387 662 428 Troade
685 401 854 440 regnum
888 386 991 426 illud
1014 387 1284 428 constitutum
1303 387 1377 428 effe
1399 388 1571 429 vellent«

231 463 335 504 Non
377 463 494 502 nobis
529 461 608 500 iam
643 458 680 498 id
718 458 945 512 quaeritur,
977 474 1081 513 quae
1114 461 1259 500 harum
1288 461 1572 502 narrationum

233 534 378 575 ceteris
399 531 654 573 verisimilior
677 528 723 570 sit
742 549 754 579 3
777 545 918 571 verum
940 531 1073 572 nostra
1092 547 1141 573 eo
1164 533 1312 586 speeiat
1334 534 1575 587 disputatio,

229 618 276 648 vt
303 622 353 647 ex
388 608 463 647 hac
502 605 585 657 ipsa
625 604 868 644 narrationis
899 605 1092 644 varietate
1128 604 1388 645 manifestum
1419 603 1489 646 fiat
1511 604 1572 656 id,

229 679 340 734 quod
362 678 570 727 volumus,
602 690 686 718 non
720 675 938 716 obscurum
962 676 1141 731 aliquem
1175 677 1217 717 in
1249 678 1374 717 veteri
1407 676 1574 717 historia

229 763 299 795 aut
322 752 426 791 inter
447 758 584 804 poetas
606 750 740 789 virum
763 747 877 788 fuiffe
899 748 1100 799 Aeneam,
1133 764 1209 790 nec
1230 749 1317 790 eius
1342 749 1425 789 fata
1445 758 1484 789 et
1506 764 1571 791 res

229 839 253 864 a
274 822 457 878 Virgilio
478 822 640 862 demum
665 822 852 861 inuentas
874 820 949 861 esse
969 831 1009 861 et
1025 822 1293 877 excogitatas.
1357 820 1439 862 Illa
1458 823 1571 864 enim

229 896 315 950 ipsa
335 894 578 935 narrationis
613 892 818 933 diuersitas
851 893 1085 944 annorum,
1099 915 1102 917 Α
1118 896 1190 949 qui
1212 895 1260 934 de
1282 895 1422 935 Aenea
1443 894 1571 935 tradi-

227 969 387 1018 derant,
418 977 458 1007 et
480 976 706 1019 poetarum,
740 966 812 1019 qui
835 966 941 1005 idem
964 977 1254 1021 argumentum
1275 965 1568 1017 traetaueranss

228 1039 499 1080 diuersitatem
517 1048 557 1078 et
581 1038 742 1091 copiam
763 1039 916 1093 arguit.
979 1037 1041 1078 Vt
1057 1039 1166 1078 enim
1189 1046 1307 1091 poeta
1328 1030 1503 1092 quisque
1525 1039 1570 1080 in

228 1113 438 1153 materiam
473 1111 521 1152 ab
558 1111 650 1151 aliis
683 1120 776 1150 ante
812 1111 847 1151 se
880 1110 1095 1152 tra&atam
1130 1110 1295 1160 incidit,
1329 1110 1402 1160 ita,
1434 1120 1478 1150 vt
1501 1111 1572 1151 suo

227 1184 400 1226 consilio
435 1185 498 1226 vel
536 1193 665 1225 totam
688 1183 868 1224 fabulam
889 1183 953 1225 vel
977 1184 1069 1224 inde
1092 1193 1246 1237 partem
1268 1183 1569 1233 accommodet,

226 1259 423 1315 refingere
436 1258 640 1299 nonnulla
653 1266 692 1297 et
704 1266 877 1306 mutare,
889 1256 1032 1296 addere
1044 1255 1108 1297 vel
1119 1255 1325 1296 detrahere
1336 1255 1448 1296 solet.
1470 1255 1568 1296 His-

227 1333 349 1373 torici
370 1341 504 1372 autem
527 1328 679 1371 Graeci
702 1329 800 1369 dum
822 1328 913 1368 suae
934 1329 1117 1369 ciuitatis
1139 1328 1205 1369 seu
1226 1327 1367 1383 populi
1389 1328 1568 1383 origines

228 1405 479 1458 repetebant,
503 1403 739 1458 popularem
762 1404 911 1443 famam
933 1402 1218 1456 sequebantur.
1261 1400 1438 1441 Solenne
1457 1401 1570 1442 enim

230 1479 310 1517 hoc
332 1478 524 1517 omnibus
543 1475 743 1518 Graeciae
757 1474 1014 1523 ciuitatibus,
1033 1482 1076 1513 vt
1097 1472 1230 1526 stirpis
1253 1472 1317 1512 vel
1334 1472 1443 1513 vrbis
1464 1486 1569 1512 con-

229 1549 405 1591 ditorem
428 1550 566 1590 haberi
588 1549 741 1589 vellent
764 1547 922 1588 clarum
944 1546 1125 1600 aliquem
1145 1561 1195 1587 ex
1216 1545 1361 1586 vltima
1382 1545 1566 1598 antiqui-

228 1632 309 1663 tate
344 1623 520 1662 heroem.
584 1619 696 1661 Cum
731 1633 827 1660 vero
864 1617 1018 1658 multae
1058 1619 1194 1670 paffim
1235 1630 1305 1670 per
1345 1613 1567 1657 Graeciam

226 1694 377 1747 sparsae
414 1694 537 1734 essent
570 1692 856 1733 Troianorum
890 1689 1093 1739 coloniae,
1146 1689 1246 1744 quid
1278 1689 1447 1738 mirum,
1499 1702 1567 1730 eas

225 1779 366 1822 omnes
387 1765 587 1820 originem
611 1764 721 1804 suam
742 1761 790 1801 ad
812 1761 996 1802 Aeneam
1020 1761 1166 1800 referre
1187 1760 1373 1802 maluisse
1391 1760 1406 1801 ?
1441 1760 1567 1801 Vnde

225 1837 432 1878 diuersitas
453 1838 525 1877 illa
559 1838 687 1877 famae
717 1845 758 1876 et
778 1834 1024 1876 narrationis
1046 1834 1264 1876 neceffario
1283 1834 1381 1875 oriri
1404 1833 1562 1874 debuit.

226 1910 333 1952 Non
367 1912 522 1965 itaque,
553 1921 598 1951 vt
627 1912 706 1951 hoc
741 1909 873 1948 obiter
908 1922 1165 1959 moneamus,
1196 1907 1379 1962 antiquis
1412 1906 1564 1947 fabulis

224 1983 400 2023 omnino
420 1981 539 2023 fidem
560 1984 736 2024 detrahit
755 1982 1000 2022 narrationis
1025 1981 1232 2023 diuersitas
1250 2000 1263 2030 3
1296 1988 1433 2021 manet
1452 1979 1564 2020 enim

228 2055 380 2108 semper
417 2055 569 2095 fundus
610 2055 762 2110 aliquis
795 2069 879 2095 non
911 2055 1040 2109 magis
1061 2055 1228 2096 veritate
1261 2054 1330 2094 sua
1349 2051 1565 2093 destitutus

227 2140 351 2180 quarn
373 2140 475 2181 quae
495 2126 544 2166 ab
575 2126 810 2167 au&oribus
830 2127 1070 2182 grauissimis
1106 2127 1354 2177 traduntur3
1385 2134 1425 2166 et
1446 2139 1563 2179 prae-

225 2197 333 2237 clare
365 2198 562 2238 haetenus
598 2196 818 2239 Thessalus
846 2199 1114 2254 Hippocratis
1135 2200 1165 2241 f.
1193 2201 1237 2241 in
1271 2201 1460 2251 ngcfn‘svr.
1513 2201 1563 2236 οὗ

225 2269 322 2317 μῦθος
341 2269 388 2307 τὰ
405 2269 538 2321 Teura&
558 2267 636 2306 ἀλλ’
657 2270 751 2320 ἔργα·
782 2270 964 2325 adeoque
989 2286 1136 2312 vanam
1156 2272 1474 2325 disputationem
1494 2273 1561 2313 in-

227 2342 393 2384 stituiffe
427 2344 553 2387 videri
587 2342 748 2397 possunt
784 2341 1010 2385 Cluuerius
1046 2353 1086 2385 et
1121 2343 1370 2395 Bochartus,
1402 2345 1475 2399 qui
1510 2358 1562 2386 ex

227 2415 299 2457 ista
335 2417 580 2470 opinionum
619 2414 847 2456 diuersitate
886 2418 1055 2470 probare
1091 2418 1331 2468 voluerunt,
1376 2418 1561 2458 Aeneam

227 2503 440 2544 nunquam
468 2489 516 2529 ad
554 2488 717 2530 Italiam
739 2489 946 2530 acceffiffe.
1007 2491 1172 2532 Acriter
1206 2492 1297 2532 satis
1317 2503 1456 2530 eorum
1479 2490 1559 2529 im-

227 2571 365 2613 petum
397 2561 547 2601 retudit
583 2560 777 2616 Ryckius
816 2562 858 2602 in
880 2561 968 2602 diff.
1002 2562 1182 2614 lauda-ta,
1215 2564 1277 2605 sed
1307 2562 1561 2617 argumentis

225 2632 452 2684 promiscue
470 2631 604 2673 effusis
624 2644 663 2674 et
685 2634 840 2675 iudicio
863 2649 1006 2688 parum
1029 2635 1185 2677 subtili.
1232 2635 1326 2676 Nec
1339 2649 1434 2676 vero
1453 2635 1563 2676 vltra

225 2701 375 2742 famam
412 2703 437 2744 si
469 2719 551 2744 non
574 2715 727 2746 certam
747 2721 792 2746 ac
815 2708 1087 2759 constantem,
1118 2709 1319 2762 potiorem
1354 2718 1490 2749 tamen
1510 2722 1560 2750 ac

225 2773 505 2827 celebriorem,
537 2775 718 2830 quaestio
755 2777 827 2821 illa
846 2778 894 2823 de
915 2777 1037 2823 Italia
1071 2781 1121 2823 ab
1142 2783 1284 2826 Aenea
1303 2781 1412 2824 adita
1431 2795 1556 2835 expe-

614 2849 637 2893 8
1480 2853 1560 2895 diri
