1685 3093
257 185 341 216 210
569 169 605 210 E
666 167 708 209 X
769 165 807 206 C
868 162 909 204 V
971 162 1011 206 R
1074 165 1099 207 S
1162 165 1203 207 V
1264 165 1290 207 S

263 276 443 332 Dionys.
478 273 618 315 Halic.
651 272 725 313 lib.
749 269 785 312 I.
819 283 858 311 c.
879 283 950 323 49.
972 274 1014 307 et
1036 269 1103 322 58.
1136 278 1277 323 patet3
1309 284 1385 312 nec
1417 285 1500 312 non
1534 269 1606 313 Pi-

265 349 397 390 sundri
430 361 533 401 opus
565 345 674 386 infra
701 342 971 385 laudandum.

323 420 475 461 Adhuc
507 432 570 458 res
592 416 805 457 Troianae
835 415 1049 456 communi
1083 414 1226 468 aliquo
1258 415 1364 456 inter
1396 417 1612 470 scriptores

265 492 462 533 consensu
493 498 610 530 erant
641 488 829 538 traditae,
860 498 983 542 prout
1014 488 1064 528 ab
1087 487 1272 527 Homero
1301 498 1341 528 et
1371 489 1502 542 poe'tis
1534 503 1609 545 cy·-

264 565 401 614 clicis‚
434 578 482 603 ex
515 563 718 602 maiorum
749 562 858 602 fama
888 575 934 601 ac
968 560 1218 610 narratione,
1252 560 1426 614 antiquo
1457 560 1610 600 sermo-

263 652 333 688 ne,
365 638 444 677 hoc
475 634 548 685 est,
581 635 762 688 poetico,
802 634 965 674 fuerant
995 631 1210 686 expositae.
1274 631 1350 673 Sed
1382 648 1478 673 cum
1511 636 1610 687 poe-

266 710 367 749 tices
398 709 531 749 honos
563 707 670 747 inter
702 704 889 747 Graecos
933 705 1185 759 frequentari
1217 705 1429 759 coepisset,
1459 704 1609 746 effent—

263 796 346 837 que
377 781 574 835 primum,
607 780 678 834 qui
712 778 922 834 sigillatim
954 777 1199 830 particulam
1230 777 1411 832 aliquam
1441 792 1491 818 ex
1523 786 1613 817 toto

264 855 342 895 illo
373 853 494 909 cyclo
525 853 713 908 mythico
743 860 785 891 et
813 850 932 904 epico
963 849 1196 903 decerptam
1237 851 1420 891 carmine
1459 850 1611 903 tracta-

263 935 375 976 rent,
405 932 598 964 ornarent
628 932 668 962 et
699 921 984 962 delegationis
1016 921 1148 962 cauffa
1167 923 1386 974 variarent,
1409 933 1499 963 tum
1520 922 1612 972 alii,

266 995 456 1050 inprimis
492 993 631 1048 lyrici,
677 994 748 1047 qui
781 994 967 1035 carmina
999 995 1068 1034 sua
1100 995 1292 1036 suauibus
1321 995 1511 1050 episodiis
1541 1008 1612 1035 or-

264 1082 363 1110 nare
393 1066 568 1117 vellent,
613 1081 663 1106 ex
709 1081 758 1106 eo
787 1077 970 1122 ternpore
1002 1083 1061 1108 res
1093 1066 1306 1108 Troianae
1338 1067 1450 1123 quasi
1482 1076 1611 1108 mate-

262 1141 345 1182 riae
376 1140 560 1194 poeticae
591 1138 687 1179 loco
716 1138 792 1179 effe
822 1149 1068 1194 coeperunt,
1089 1155 1172 1196 qua
1192 1140 1390 1197 ingeniosi
1421 1141 1611 1182 homines

262 1214 308 1254 in
339 1226 634 1268 quamcunque
679 1212 854 1252 formam
896 1213 1147 1270 diffingenda
1188 1225 1414 1264 verentur,
1456 1227 1613 1254 vnum-

263 1301 346 1341 que
378 1286 419 1326 id
451 1283 703 1338 propositum
732 1285 947 1337 haberent,
992 1295 1038 1327 vt
1077 1301 1173 1327 cum
1213 1286 1503 1341 probabilitate
1533 1285 1612 1326 ali-

265 1373 350 1414 qua
380 1357 647 1398 delcetarent.

320 1432 390 1472 Ab
421 1428 610 1471 historiae
641 1429 720 1470 fide
749 1430 883 1471 multo
914 1433 1046 1487 magis
1068 1431 1262 1473 reccfsum
1284 1430 1357 1481 est,
1380 1446 1478 1471 cum
1499 1430 1612 1471 Tra·

263 1507 349 1561 gici
383 1508 523 1558 poeitae
556 1503 792 1545 fabularum
826 1505 989 1544 suarum
1024 1508 1191 1548 ὑποθέσεις
1221 1515 1262 1545 et
1295 1514 1540 1559 argumenta
1559 1519 1611 1544 ex

263 1579 387 1632 cyclo
427 1578 503 1618 illo
543 1587 746 1631 peterent,
780 1587 822 1617 et
863 1592 936 1631 pro
968 1575 1141 1617 consilio
1185 1579 1255 1618 suo
1296 1576 1612 1631 tragoediamque

263 1661 411 1692 natura
439 1650 550 1692 varie
580 1664 626 1690 ea
656 1650 898 1701 tractarent,
940 1660 1153 1700 ornarent,
1189 1648 1464 1699 inflecterent,
1500 1663 1612 1689 noua

263 1727 523 1781 affingerent‚
539 1734 579 1764 et
594 1724 705 1777 saepe
719 1725 761 1764 in
779 1720 1058 1764 diuerfiffimas
1078 1733 1209 1775 partes
1231 1723 1453 1763 traherent.
1488 1721 1612 1778 Quae

262 1800 432 1854 quidem
472 1812 534 1838 res
575 1812 671 1837 cum
710 1797 773 1838 vel
815 1809 866 1836 ex
909 1794 1113 1848 Sophocle
1158 1806 1199 1835 et
1236 1795 1371 1836 multo
1401 1796 1531 1849 magis
1561 1809 1612 1836 ex

263 1870 464 1925 Euripide
495 1870 701 1910 notiflima
731 1868 795 1919 sit,
827 1868 988 1908 haerere
1018 1869 1062 1908 in
1094 1867 1169 1908 illa
1197 1868 1411 1909 nolumus.

320 1940 410 1982 Iam
441 1940 645 1981 historicis
676 1950 715 1979 et
747 1941 915 1995 tragicis
965 1941 1149 1980 succeflit
1188 1955 1345 1981 nouum
1390 1941 1611 1982 hominum

262 2030 412 2072 genus,
444 2014 555 2070 quod
587 2014 727 2054 omnia
757 2013 923 2053 miscuit
954 2028 1000 2053 ac
1030 2014 1234 2064 turbauit,
1260 2013 1511 2067 Interpretes
1533 2030 1609 2068 po—

265 2093 427 2130 etarum
451 2088 544 2127 dieo
565 2095 606 2126 ct
628 2083 957 2135 Grammaticos,
1000 2086 1178 2126 maxime
1207 2087 1256 2126 ab
1279 2085 1611 2128 Ptolemaeorum

260 2160 358 2202 inde
381 2159 534 2209 seculo,
559 2169 604 2200 vt
624 2158 850 2213 aliquando
872 2158 1104 2199 accuratius
1123 2158 1165 2199 in
1187 2158 1330 2198 libello
1353 2158 1544 2214 singulari
1568 2161 1614 2200 de

264 2233 388 2276 Seculi
421 2231 721 2272 Ptolemaeorum
754 2232 864 2285 genio
910 2246 932 2270 a
977 2231 1097 2271 nobis
1141 2241 1386 2285 exponetur.
1449 2230 1612 2273 Horum

260 2308 333 2348 alii
365 2304 522 2362 Cyelos
555 2304 650 2344 illos
682 2304 724 2344 in
754 2305 963 2359 epitomen
997 2303 1263 2358 redigebant3
1298 2304 1461 2357 qualem
1484 2306 1611 2345 habe-

258 2394 352 2421 mus
383 2378 516 2418 adhuc
552 2376 800 2431 Apollodori
845 2375 1135 2426 Bibliothecam,
1180 2392 1304 2432 quam
1349 2378 1458 2433 cycli
1501 2379 1612 2432 epici

263 2450 556 2506 compendium
590 2449 666 2490 esse
698 2450 779 2490 iam
813 2448 980 2489 Salmas.
1015 2448 1063 2488 ad
1097 2447 1230 2488 Solin.
1265 2464 1305 2501 p.
1344 2450 1440 2504 847.
1487 2451 1610 2501 vidit,

263 2523 329 2565 sed
360 2522 609 2578 particulam
642 2531 805 2562 tantum
838 2533 909 2562 aut
951 2522 1132 2562 medium
1173 2521 1322 2562 saltem·
1358 2535 1478 2575 opuS‚
1525 2537 1612 2576 quo

257 2597 493 2653 mythicum
534 2605 696 2650 tempus
742 2593 1123 2649 comprehenderat,
1167 2593 1273 2633 inter
1309 2592 1468 2634 XXIV
1501 2591 1609 2635 eius-

257 2670 351 2711 dem
380 2669 507 2711 libros
538 2669 616 2720 weg>
645 2668 724 2707 θεῶν
751 2677 792 2709 et
821 2668 869 2706 τὰ
896 2667 1047 2720 mezaab„
1072 2679 1176 2721 quac
1193 2659 1460 2717 historicum,
1480 2677 1525 2707 vt
1546 2666 1607 2708 isti

1491 2740 1610 2778 &rixam
