1685 3093
245 141 300 183 28
580 131 1163 188 DISQVISITIO
1225 134 1261 176 1.

240 242 351 299 quod
389 240 523 295 ipsum
554 237 760 278 Homerus
795 247 866 278 aut
898 238 1003 279 vidit
1033 249 1104 280 aut
1129 238 1264 290 sensit,
1296 254 1394 281 cum
1424 251 1476 281 ex
1510 249 1600 282 toto

240 315 342 358 belli
367 312 546 353 Troiani
570 310 743 351 decursu
766 326 894 351 vnum
931 312 1113 361 heroem,
1145 327 1273 352 vnum
1310 312 1465 354 saetam
1497 313 1599 354 sele-

242 389 324 445 git,
357 386 541 439 adeoque
566 383 741 424 infinitis
763 384 854 424 aliis
882 385 1003 424 rebus
1025 399 1075 424 ex
1109 383 1222 424 istius
1245 384 1342 425 belli
1365 384 1529 425 historia
1551 385 1601 424 ad

241 458 530 501 exornandum
570 466 611 496 et
667 453 1007 509 amplificandum
1057 467 1348 511 argumentum
1395 457 1502 497 recte
1539 457 1600 498 vti

244 533 398 588 potuit.
461 530 554 571 Hoc
576 543 660 568 vno
683 529 753 568 suo
776 527 933 566 iudicio
956 527 1136 580 plurima
1170 529 1375 580 praeclara
1406 530 1602 571 carminis

243 606 303 650 sui
329 603 525 660 praesidia
547 612 587 642 et
606 601 834 642 vberrimos
855 600 1014 640 fruetus
1037 599 1134 640 tulit
1156 599 1296 642 Maro.
1339 601 1443 643 Non
1466 617 1603 643 nouus

247 687 290 717 et
313 678 485 733 ignotus
506 674 561 715 est
592 673 817 715 leecoribus
853 673 990 723 heros,
1023 674 1141 714 cuius
1182 674 1267 714 fata
1301 676 1494 729 exponit,
1527 689 1603 715 nec

247 748 539 789 Troianorum
576 761 725 788 nomen
768 760 814 786 ac
856 746 1023 786 fortuna
1066 755 1151 786 tam
1191 747 1384 799 obscura,
1416 748 1520 802 quin
1553 748 1604 788 ab

246 822 371 864 initio
393 821 529 862 statim
553 820 812 860 miseratione
848 819 1077 858 afficiamur
1107 829 1148 859 ct
1184 820 1353 861 virtutis
1389 820 1603 861 admirati-

243 910 337 937 one.
402 894 593 936 Deorum
635 902 774 932 autem
817 892 1099 942 interuentus,
1134 891 1312 933 Iunonis
1345 903 1386 934 et
1425 892 1606 934 Veneris

245 970 329 1011 irae
350 979 390 1008 et
411 968 561 1017 studia,
595 980 642 1005 ac
665 974 799 1019 partes
829 964 878 1005 iis
911 965 1171 1016 tribuendae,
1205 967 1365 1022 egregie
1385 976 1501 1006 erant
1523 967 1606 1007 iam

243 1043 297 1084 ab
340 1041 522 1081 Homero
563 1037 770 1079 definitae.
871 1037 1056 1092 Quando
1104 1039 1244 1094 itaque
1286 1040 1420 1094 primo
1473 1039 1608 1080 statim

245 1113 445 1154 Aeneidis
480 1109 655 1166 ingre-ssu
691 1108 869 1151 Iunonis
900 1127 1039 1151 memor
1083 1111 1164 1161 ira,
1209 1111 1433 1165 irarumque
1464 1112 1610 1167 cauffize

236 1187 423 1244 saeuique
461 1185 601 1225 dolores
642 1193 944 1233 memorantur,
990 1183 1085 1223 odia
1120 1181 1302 1223 Iunonia
1335 1198 1386 1224 ex
1422 1183 1610 1224 Homero

249 1258 384 1300 statim
412 1258 663 1298 succurrunt
697 1255 849 1309 legenti
884 1264 923 1293 ct
973 1254 1054 1294 iam
1095 1255 1145 1295 ab
1188 1255 1310 1296 initio
1348 1270 1518 1311 grauem
1559 1257 1610 1298 de

252 1333 418 1374 Aeneae
437 1331 604 1371 fortuna
629 1327 953 1370 sollicitudinem
980 1328 1196 1368 iniiciunt.

308 1403 459 1444 Poetae
482 1403 707 1443 sollertiam
727 1411 767 1441 et
791 1415 965 1441 acumen
988 1402 1112 1441 etiam
1131 1403 1173 1442 in
1200 1403 1279 1443 hoc
1306 1403 1474 1457 speRari
1495 1404 1609 1456 volo,

251 1476 363 1532 quod
388 1490 474 1516 nori
509 1475 632 1515 modo
661 1489 711 1514 ex
738 1474 984 1514 nobiliffima
1012 1475 1274 1529 antiquitatis
1311 1488 1442 1530 parte,
1476 1477 1612 1531 qualis

249 1565 389 1591 rerum
420 1548 676 1589 Troicarum
709 1547 781 1597 est,
817 1562 963 1588 verum
985 1549 1108 1588 etiam
1129 1563 1179 1590 ex
1210 1564 1258 1589 eo
1281 1559 1512 1603 temporum
1543 1564 1610 1590 ar-

250 1623 384 1664 ticulo
418 1622 616 1664 Aeneidis
655 1631 950 1675 argumentum
978 1621 1115 1670 duxit,
1149 1622 1220 1676 qui
1255 1622 1363 1663 intra
1385 1637 1612 1679 paucorum

250 1711 457 1737 annorum
483 1695 698 1736 decursum
723 1695 933 1748 ingentem
957 1694 1040 1734 vim
1058 1693 1280 1734 illustrium
1305 1696 1540 1736 facinorum
1562 1710 1610 1736 ac

248 1766 582 1809 memorabilium
619 1766 788 1807 casuum
819 1765 1190 1822 conuersionesque
1228 1782 1358 1807 rerum
1398 1769 1611 1809 mirabiles

252 1855 351 1881 cum
381 1837 587 1881 Graeciae
608 1848 648 1878 et
669 1837 806 1889 Asiae,
840 1849 929 1881 tum
953 1837 1097 1881 Italiae
1120 1841 1451 1893 comprehendit.
1497 1840 1614 1882 Nam

253 1914 393 1954 exciso
422 1911 503 1952 Ilio
536 1912 617 1952 dici
648 1912 718 1953 vix
753 1912 897 1966 potest,
931 1924 1187 1969 quantopere
1214 1915 1370 1970 vbique
1401 1914 1613 1954 turbatum

254 1984 318 2026 fit.
382 1983 497 2024 vieti
539 1983 798 2038 viCtoresque
834 1986 881 2027 ad
921 2001 1052 2027 nouas
1092 1988 1151 2028 sest.
1183 2003 1199 2028 s
1241 1986 1496 2043 quaerendas
1538 2000 1609 2039 per

255 2069 393 2100 totum
425 2067 626 2098 terrarum
661 2058 802 2099 orbem
839 2059 1004 2114 dispersi
1040 2062 1298 2116 vagabantur
1321 2060 1367 2109 ξ,
1397 2070 1438 2099 et
1474 2059 1616 2099 versus

254 2132 518 2173 occidentem
541 2131 736 2182 maxime,
770 2132 843 2185 qui
880 2142 964 2172 tam
1002 2147 1145 2186 parum
1175 2134 1309 2174 adhuc
1333 2130 1509 2174 Graecis
1533 2146 1615 2172 no-

256 2215 323 2247 tus
348 2214 449 2245 erat.
513 2202 699 2244 Primum
733 2204 782 2243 iis
820 2213 922 2244 tunc
958 2204 1172 2258 nauigatio
1193 2205 1301 2246 vltra
1324 2205 1511 2247 Siciliam
1534 2206 1615 2246 fre-

257 2278 450 2333 quentari
490 2278 645 2332 coepit,
688 2291 786 2317 cum
828 2275 876 2315 ad
918 2276 1021 2316 illud
1077 2287 1238 2331 tempus
1280 2278 1507 2319 Phoenices
1544 2277 1618 2318 illa

259 2351 390 2392 maria
412 2360 617 2397 tenerent,
651 2348 725 2390 nisi
759 2347 870 2403 quod
907 2362 928 2387 e
966 2347 1094 2390 Creta
1126 2351 1299 2407 aliisque
1334 2352 1440 2393 forte
1473 2351 1619 2393 insulis

259 2438 412 2478 paucae
434 2437 561 2464 naues
587 2422 777 2463 Siciliam
799 2420 981 2461 adibant.

317 2496 488 2537 Errores
514 2494 575 2536 isti
600 2496 772 2536 heroum
793 2494 844 2535 ab
866 2492 948 2535 Ilio
979 2495 1242 2538 redeuntium
1263 2497 1387 2539 variis
1424 2494 1616 2538 Graeco-

260 2583 352 2611 rum
381 2569 636 2611 carminibus
661 2569 805 2624 epicis,
840 2571 941 2609 No'soi
963 2586 1009 2611 ea
1028 2571 1227 2624 inieripta
1247 2580 1380 2621 erant,
1403 2571 1617 2612 materiam

315 2758 336 2776 '¹'
365 2756 549 2808 Egregius
579 2758 628 2795 est
658 2770 742 2795 eam
766 2756 806 2795 in
830 2770 911 2798 rem
929 2758 1123 2799 Strabonis
1143 2758 1245 2799 locus
1265 2755 1336 2796 lib.
1366 2758 1399 2796 Ι.
1420 2770 1461 2811 p.
1483 2759 1546 2808 48.
1572 2756 1618 2794 B.

262 2818 300 2847 et
321 2808 388 2848 lib,
407 2809 478 2849 111.
500 2823 538 2861 p.
565 2823 651 2864 ¹50·
669 2811 721 2850 A.

1579 2869 1622 2903 et
