1685 3093
256 115 312 172 78
549 104 844 153 P.,V1Ro11„11
866 98 1099 140 MARoms
1121 97 1317 138 Aemus.
1443 90 1546 136 Lib.
1568 106 1607 138 1·

255 214 549 268 DunStoresque
563 210 678 264 ‚ipsos
702 207 899 261 primurn,
919 195 1070 258 'capita
1089 203 1173 243 alta
1195 200 1364 242 ferentis

254 289 470 333 Cornibus
493 283 690 331 arboreis,
724 277 893 327 sternit3
926 286 1016 316 turn
1037 274 1215 330 volgus:
1249 283 1289 313 et
1310 286 1476 314 omnem
1529 285 1610 329 199

256 362 412 405 Miscet
435 373 556 414 agens*
579 355 671 395 telis
694 366 861 394 nemora
882 351 990 390 inter
1012 347 1182 388 frondea
1202 347 1380 387 turbam.

253 436 348 478 Nec
372 434 486 488 prius
509 427 676 476 absistit,
710 439 836 479 quam
860 424 1012 477 septem
1036 420 1224 477 ingentia
1238 419 1373 460 vidior

257 508 447 560 Corpora
470 503 616 544 fundat
638 499 776 548 humi,
807 507 848 537 et
868 510 1088 537 numerum
1111 509 1209 534 cum
1230 492 1407 533 navibus
1429 498 1592 546 aequet.

258 581 371 622 Hinc
396 588 562 632 portum
584 574 702 629 petit,
735 582 775 612 et
798 571 927 611 socios
946 569 1122 623 partitur
1143 567 1186 607 in
1209 565 1360 606 omnis.

257 652 372 695 Vina
397 653 530 692 bonus
552 662 657 702 quae
679 643 825 685 deinde
846 642 958 682 cadis
980 647 1168 680 onerarat
1190 637 1357 678 Acestes
1534 647 1614 694 195

257 725 401 768 Litore
423 722 667 770 Trinacrio,
700 717 946 770 dederatque
969 712 1217 773 abeuqtibus
1239 709 1402 763 hospes,

257 797 447 846 Dividit,
479 806 520 836 et
540 794 662 835 die-'tis
687 790 909 833 maerentia
930 787 1096 841 pe&ora
1116 783 1300 825 mulcet:

259 869 303 912 O
327 870 444 918 socii,
481 869 638 922 (neque
659 866 770 905 enim
792 861 923 917 ignari
949 859 1087 899 sumus
1110 867 1204 897 ante
1228 854 1453 908 malorum)

259 940 303 984 O
329 942 420 995 paffi
441 939 658 995 graviora3
691 935 806 975 dabit
826 935 925 974 deus
948 932 1011 972 his
1034 943 1204 986 quoque
1226 927 1367 969 finem.

261 1013 356 1055 Vos
378 1023 418 1052 et
441 1011 673 1067 Scyllaeam
693 1008 851 1050 rabiem
874 1005 1120 1059 penitusque
1144 1001 1330 1043 sonantis
1537 1012 1620 1043 200

261 1085 444 1128 Accestis
469 1083 661 1138 scopulos
683 1097 692 1122 :
726 1094 799 1122 vos
819 1088 860 1118 et
883 1075 1092 1132 Cyclopia
1113 1073 1207 1114 saxa

259 1158 454 1212 Experti.
512 1166 701 1198 revocate
722 1154 900 1200 animos,
925 1146 1210 1199 moestumque
1231 1145 1424 1186 timorem

260 1228 443 1273 Mittite.
507 1229 644 1270 forsan
667 1238 707 1268 et
729 1227 829 1267 haec
852 1225 955 1264 olim
976 1217 1205 1262 meminiffe
1220 1219 1407 1274 juvabit.

263 1305 347 1346 Per
372 1304 507 1344 varios
529 1303 661 1361 casus,
697 1315 765 1355 per
787 1308 850 1340 tot
870 1294 1113 1338 discrimina
1133 1306 1287 1342 rerum,

263 1377 502 1425 Tendimus
522 1377 566 1416 in
589 1374 762 1416 Latium
783 1387 792 1413 2
829 1371 938 1412 sedes
962 1369 1031 1408 ubi
1055 1368 1138 1407 fata
1159 1365 1321 1420 quietas
1543 1375 1624 1418 205

268 1449 522 1492 Ostendant.
587 1447 676 1487 illic
699 1447 760 1486 fas
782 1458 909 1500 regna
930 1442 1136 1497 resurgere
1162 1439 1338 1494 Trojae.

266 1521 449 1572 Durate,
482 1531 521 1562 et
542 1520 700 1560 vosmet
721 1519 843 1558 rebus
866 1517 1018 1557 servate
1042 1513 1248 1554 secundis.

268 1594 398 1636 Talia
419 1608 518 1634 voce
541 1593 662 1631 refert
684 1605 691 1630 :
728 1590 920 1644 curisque
943 1587 1188 1643 ingentibus
1211 1595 1332 1638 aeger

268 1666 391 1721 Spem
411 1666 529 1706 voltu
553 1663 732 1713 simulat,
766 1660 918 1715 premit
941 1658 1073 1698 altum
1097 1656 1220 1707 corde
1241 1654 1443 1697 dolorem.

273 1738 344 1780 Illi
369 1739 404 1779 se
427 1737 593 1792 praedae
616 1735 866 1790 adcingunt,
901 1730 1156 1785 dapibusque
1178 1728 1330 1769 futuris
1352 1743 1362 1770 :
1549 1742 1631 1773 210

272 1811 467 1866 Tergora
487 1809 700 1861 deripiunt
721 1806 861 1857 costis,
893 1815 934 1845 et
954 1803 1109 1844 viscera
1129 1801 1303 1842 nudant.

268 1883 367 1926 Pars
391 1884 434 1923 in
456 1881 581 1922 frusta
605 1881 758 1929 secant,
791 1878 1051 1932 verubusque
1075 1876 1296 1916 trementia
1316 1873 1453 1931 figunt
1473 1888 1484 1917 ε

269 1953 417 1996 Litore
440 1953 571 1993 ahena
591 1953 733 1992 locant
755 1952 844 2002 alii,
875 1950 1145 2004 flammasque
1165 1947 1416 1990 ministrant.

328 2087 418 2135 283.
450 2082 500 2120 To
519 2083 611 2131 dress
631 2083 688 2119 the
708 2081 892 2132 banquet.]
950 2080 1079 2134 Virgil
1100 2079 1216 2127 dared
1246 2089 1313 2119 not
1348 2089 1456 2118 enter
1483 2079 1566 2117 into
1598 2080 1638 2119 so

275 2151 365 2188 very
402 2136 549 2173 minute
581 2149 601 2171 a
636 2134 865 2186 description
899 2135 943 2171 of
965 2135 1039 2172 this
1077 2133 1181 2178 feast,
1211 2147 1249 2170 as
1280 2134 1343 2171 the
1369 2132 1571 2184 fimplicity
1598 2132 1645 2171 cf

278 2203 454 2229 manners
486 2190 523 2225 in
551 2189 728 2226 Homer's
765 2188 855 2225 time
887 2188 980 2226 both
1007 2186 1166 2224 allowed
1187 2187 1261 2224 and
1281 2185 1419 2224 indeed
1445 2184 1636 2235 required.

278 2243 370 2281 And
391 2243 475 2279 who
497 2242 561 2278 has
584 2240 768 2278 therefore
788 2241 883 2278 been
905 2241 941 2278 so
961 2240 1024 2290 unj
1034 2240 1125 2289 ustly
1145 2239 1323 2278 censured
1344 2238 1393 2289 by
1414 2241 1515 2277 Lord
1542 2237 1636 2275 Ros-

277 2309 471 2339 common,
502 2307 523 2330 a
553 2293 708 2343 disciple
738 2293 783 2330 of
807 2294 870 2330 the
890 2294 919 2331 F
923 2295 1039 2332 rench
1057 2292 1199 2338 critiCS,
1230 2292 1395 2331 foi-‘such
1415 2292 1487 2332 sert
1505 2290 1550 2331 of
1568 2294 1636 2330 mi-

283 2359 363 2386 nme
383 2360 457 2385 ano
478 2346 627 2384 natural
642 2345 902 2396 descriptions.

545 2453 651 2461 -—
671 2432 773 2469 Who
792 2432 856 2469 has
875 2429 1008 2470 look’d

391 2485 456 2523 On
476 2483 565 2535 holy
585 2484 752 2538 garbage
771 2484 850 2523 tho’
871 2484 920 2535 by
940 2484 1088 2523 Homer
1105 2482 1271 2532 cook’d?
