1685 3093
303 150 384 204 140
573 142 620 186 P.
640 137 874 184 Vmoxzn-
895 133 1125 183 Manoms
1155 126 1351 184 Amnis.
1469 134 1568 188 Lib.
1587 147 1632 192 i.-

294 253 368 301 Et,
404 252 427 292 ss
451 253 533 293 fata
552 247 687 296 deum,
718 242 746 285 si
768 257 884 284 mens
903 256 990 283 non
1011 242 1126 284 laeva
1146 243 1297 296 fuisset,

289 327 503 381 Impulerat
536 323 640 363 ferro
661 316 882 372 Argolicas
905 313 1065 355 foedare
1085 314 1260 358 latebras
1280 329 1290 357 ε
1576 326 1631 379 53

289 398 506 453 Trojaque
527 405 639 433 nunc
661 388 797 438 stares,
830 386 1071 441 Priamique
1094 401 1166 428 arx
1186 387 1270 429 alta
1290 403 1486 432 maneres·

289 469 417 517 Ecce,
450 476 592 506 manus
608 463 806 517 juvenem
829 461 981 500 interea
1001 459 1088 515 post
1110 469 1224 516 terga·
1243 461 1474 504 revinctum

289 540 468 582 Pastores
488 549 636 590 magno
653 534 700 574 ad
723 548 860 588 regem
882 532 1062 574 clamore
1083 532 1303 574 trahebant

289 609 549 655 Dardanidae
570 622 578 646 :
613 607 684 662 qui
708 606 744 646 se
766 607 956 661 ignotum
977 605 1240 646 venientibus
1262 605 1390 658 ultro,

287 685 380 727 Hoc
403 682 534 736 ipsum
554 688 600 720 ut
620 678 804 729 strueret,
836 677 1099 733 Trojamque
1121 678 1294 731 aperiret
1313 679 1508 733 AchiviS,
1576 680 1630 727 60²

288 755 531 805 obtulerat,
564 752 691 793 fidens
713 751 859 800 animi,
890 760 1016 806 atque
1039 752 1084 791 in
1107 761 1330 806 utrumque
1349 762 1532 806 paratus,

287 828 367 870 Seu
389 826 542 868 versare
563 824 698 874 dolos,
732 822 798 863 seu
824 832 956 863 certae
977 824 1229 865 occumbere
1249 825 1389 866 morti*

287 899 489 953 Undique
509 896 663 937 visendi
686 895 821 936 studio
842 896 1034 953 Trojana
1049 900 1250 954 juventus

286 970 548 1016 Circumfusa
569 969 671 1018 ruit,
704 978 948 1022 certantque
970 968 1156 1009 inludere
1179 977 1316 1022 capto.

285 1047 442 1099 Accipe
463 1056 577 1083 nunc
599 1040 796 1082 Danaum
819 1040 999 1093 infidias,
1031 1051 1072 1082 et
1092 1043 1267 1083 crimine
1289 1042 1340 1083 ab
1362 1055 1447 1086 uno
1571 1046 1625 1102 65

285 1118 410 1160 Disce
431 1116 581 1157 omnis.
1509 1116 1520 1121 ’

283 1191 499 1244 Namque,
531 1197 579 1228 ut
598 1189 818 1242 conspe&
842 1188 884 1227 in
907 1188 1042 1228 medio
1064 1189 1253 1229 turbatus
1282 1188 1447 1231 inermis

281 1262 498 1312 Constitit,
530 1272 653 1316 atque
673 1262 807 1302 oculis
828 1258 1010 1317 Phrygia
1031 1261 1194 1316 agmina
1215 1260 1509 1315 circumspexit
1529 1276 1538 1301 :

287 1336 398 1386 Heu,
431 1350 536 1389 quae
556 1350 620 1375 me
640 1335 781 1385 tellus,
815 1334 973 1388 inquit,
1007 1349 1110 1388 quae
1133 1347 1196 1374 me
1218 1347 1398 1387 aequora
1418 1333 1584 1388 poss'unt'

285 1409 489 1461 Accipere
510 1405 524 1446 ?
558 1415 630 1446 aut
653 1406 753 1460 quid
771 1407 857 1461 jam
878 1406 1024 1446 misero
1044 1406 1145 1446 mihi
1169 1405 1347 1458 denique
1370 1405 1517 1446 restat?
1573 1415 1627 1463 70

283 1481 399 1536 Qoi
422 1495 556 1535 neque
577 1479 685 1533 apud
709 1478 878 1520 Danaos
901 1479 1071 1533 usquam
1090 1478 1206 1518 locus
1226 1492 1234 1516 :
1269 1487 1311 1517 et
1333 1478 1449 1531 super
1470 1477 1544 1533 ipsi

283 1554 549 1597 Dardanidae
570 1551 715 1594 infensi
737 1566 887 1605 poenas
909 1566 1005 1591 cum
1028 1551 1226 1606 sanguine
1248 1549 1439 1603 poscunt.

289 1627 389 1680 Qio
410 1626 569 1681 gemitu
589 1623 773 1666 conversi
802 1624 947 1672 animi,
980 1621 1216 1676 conpress'us
1238 1631 1279 1661 et
1299 1622 1434 1663 omnis

286 1697 487 1751 Impetus,
549 1697 762 1737 hortamur
784 1694 877 1744 fari,
910 1709 994 1748 quo
1016 1694 1212 1748 sanguine
1229 1704 1384 1743 cretus,

288 1771 456 1825 Quidve
480 1772 600 1820 ferat,
632 1777 847 1817 memoret,
880 1781 983 1820 quae
1006 1765 1053 1806 fit
1073 1765 1226 1806 fiducia
1246 1774 1380 1819 capto.
1577 1770 1629 1823 75'¹

291 1842 392 1897 [Ille
413 1844 527 1891 haec,
560 1841 738 1895 deposita
759 1840 924 1880 tandem
948 1839 1183 1889 formidine,
1217 1839 1367 1892 fatua]

288 1915 453 1956 Gunela
473 1916 663 1968 equidem
684 1915 777 1963 tibi,
811 1913 922 1964 Rex,
950 1914 1097 1968 (fuerit
1116 1909 1429 1966 quodcumque)
1454 1910 1613 1951 fatebor

288 1987 415 2039 Vera,
449 1989 586 2043 inquit
606 2003 615 2028 :
649 2002 784 2042 neque
804 2001 867 2026 me
887 1986 1086 2040 Argolica
1103 1986 1151 2026 de
1171 1994 1293 2041 gente
1314 1984 1489 2040 negabo.

290 2061 382 2101 Hoc
405 2061 596 2114 primum.
661 2075 754 2111 nee,
787 2058 814 2100 fi
837 2059 1029 2099 miserum
1051 2058 1239 2100 Fortuna
1263 2056 1463 2101 Sinonem

288 2131 452 2182 Finxit,
484 2147 635 2173 vanum
656 2134 778 2173 etiam
802 2132 1124 2186 mendacemque
1145 2131 1316 2185 inproba
1336 2128 1480 2184 finget.
1575 2128 1631 2172 80

290 2203 438 2245 Fando
457 2203 626 2257 aliquod
647 2203 673 2243 fi
697 2205 800 2244 forte
822 2214 913 2244 tuas
937 2203 1122 2258 pervenit
1143 2202 1191 2242 ad
1213 2202 1321 2242 auris

291 2275 458 2316 Belidae
480 2291 629 2316 nomen
650 2275 896 2327 Palamedis,
927 2285 968 2316 et
990 2275 1149 2316 incluta
1171 2275 1276 2313 fama

292 2346 444 2389 Gloria
465 2364 472 2388 :
508 2363 630 2402 quem
653 2349 751 2388 falsa
773 2349 843 2390 sub
866 2349 1099 2403 proditione
1122 2346 1282 2400 Pelasgi

288 2418 520 2473 Insontem‚
552 2422 724 2462 infando
746 2421 918 2472 indicio,
951 2421 1048 2475 quia
1068 2419 1176 2461 bella
1196 2418 1378 2467 vetabat,

354 2563 436 2588 102.
469 2551 531 2588 Yet
550 2553 653 2589 Sinon
673 2567 736 2589 can
755 2550 867 2602 defin]
924 2548 1134 2599 Hesychius
1160 2545 1288 2598 speaks
1308 2546 1354 2585 of
1375 2559 1397 2584 a
1415 2545 1570 2599 tragedy
1594 2546 1642 2585 of

298 2602 500 2651 Sophocles
521 2602 569 2652 by
590 2606 652 2640 the
673 2618 781 2641 name
802 2605 845 2641 of
870 2603 1001 2647 Sinon,
1023 2602 1099 2639 and
1120 2600 1293 2638 Aristotle
1319 2599 1433 2636 seems
1453 2609 1491 2637 to
1508 2599 1636 2637 allude

297 2663 336 2690 to
356 2654 385 2690 it
405 2653 442 2689 in
473 2653 529 2690 his
564 2655 721 2692 Poetics.
779 2657 892 2692 Were
921 2656 994 2692 this
1015 2654 1274 2704 person-mance
1303 2652 1373 2689 still
1405 2661 1550 2696 extant,
1578 2663 1636 2689 we

295 2705 426 2741 should
443 2718 528 2754 very
549 2707 730 2756 probably
751 2707 827 2743 find
842 2707 970 2757 Virgil
989 2705 1170 2743 indebted
1192 2714 1230 2742 to
1255 2703 1286 2743 it
1304 2703 1361 2743 for
1388 2704 1526 2743 several
1545 2715 1632 2755 par·

296 2756 446 2794 ticulars
466 2756 506 2794 in
525 2758 586 2796 the
605 2769 873 2810 management
888 2760 934 2797 of
956 2759 1028 2796 this
1047 2757 1232 2796 incident.
