1685 3093
189 233 242 262 22
518 209 1098 268 DISQVISITIO
1159 212 1196 253 1.

189 320 338 364 nitudo
374 319 479 372 epici
517 319 712 359 carminis
746 316 876 358 indoli
913 316 968 358 est
1003 314 1330 368 accommodata,
1382 318 1445 358 sed
1487 333 1534 360 ea

187 393 383 442 maxime,
398 406 502 446 quae
523 405 546 430 a
567 388 741 430 senfibus
762 401 802 429 et
825 404 847 428 a
869 389 1220 442 phantasmatibus
1243 389 1534 444 proficiscitur,

188 467 343 521 qnippe
377 479 481 519 quae
511 463 649 504 cadem
679 463 727 503 ad
757 465 916 503 animos
949 462 1176 504 mouendos
1205 472 1246 502 et
1267 461 1536 504 admiratione

189 538 436 583 imbuendos
473 536 663 590 inprimis
695 534 818 574 valet.
881 533 1003 588 Quae
1034 533 1202 588 quidem
1230 535 1370 576 omnia
1397 537 1537 590 paffim

188 625 211 651 a
231 611 330 651 viris
352 610 484 650 deeris
506 609 600 659 satis
623 608 767 656 diserte
790 607 884 647 sunt
908 606 1102 659 exposita.

246 682 309 722 Vt
340 682 612 722 admiratione
644 689 780 721 autem
817 689 934 719 tanto
969 680 1102 735 magis
1139 689 1326 720 teneatur
1357 681 1537 733 animus,

188 770 273 795 non
307 755 429 795 modo
461 769 522 794 res
550 753 673 809 gesta,
706 767 809 807 quae
839 761 1042 802 narratur,
1073 762 1114 792 et
1135 752 1242 796 aetio,
1262 750 1311 792 eo
1333 762 1536 808 attempe-

186 838 276 870 rata
307 827 353 868 fit
380 826 534 868 necesse
565 826 636 876 est,
679 838 724 866 vt
753 827 1014 866 mirationem
1047 826 1188 876 faciat,
1235 840 1379 867 verum
1413 827 1538 867 etiam

189 901 435 942 narrationis
457 914 586 955 genus
606 907 646 939 et
667 900 771 938 ratio
793 899 840 937 ad
863 898 1176 940 admirationem
1197 898 1453 939 efficiendam
1473 900 1537 940 vel

189 973 384 1014 tuendam
427 972 573 1024 idonea
607 972 847 1026 requiritur.
911 969 1011 1024 Qua
1047 971 1096 1011 de
1133 986 1175 1012 re
1216 971 1334 1025 plura
1373 985 1539 1012 monere

193 1045 299 1087 nihil
338 1046 502 1084 attinet.
566 1043 676 1098 Qdis
712 1042 823 1082 enim
864 1056 949 1081 non
990 1042 1120 1093 videt,
1167 1045 1367 1086 orationis
1407 1059 1539 1102 genus

188 1117 264 1174 esse
286 1118 426 1158 debere
449 1132 524 1160 nec
548 1116 705 1158 humile
722 1128 798 1162 nec
821 1114 965 1164 molle,
990 1114 1053 1168 sed
1075 1115 1198 1166 forte,
1231 1130 1340 1171 aere,
1374 1118 1538 1173 magni-

188 1190 334 1241 ficum,
366 1201 576 1240 ornatum,
609 1188 678 1230 etsi
701 1202 773 1244 pro
795 1188 1029 1242 argumenti
1052 1187 1211 1235 diuersa
1231 1199 1379 1245 natura
1399 1189 1537 1244 diuerff-

188 1263 228 1306 se
250 1273 584 1317 attemperatum,
615 1272 656 1302 et
677 1275 781 1316 quae
804 1260 898 1308 sunt
919 1260 1012 1312 alia,

248 1335 285 1374 A
308 1335 417 1374 binis
435 1335 546 1386 hisce
564 1344 776 1388 tamquam
795 1334 1012 1388 principiis
1032 1334 1250 1389 repetenda
1265 1335 1360 1375 sunt
1376 1336 1537 1394 omnia²

189 1407 346 1461 quibus
368 1407 562 1457 carminis
584 1398 689 1459 epici
712 1416 1023 1464 argumentum,
1057 1407 1250 1461 personae
1268 1408 1423 1462 epicae,
1447 1409 1537 1449 fac-

187 1489 247 1534 ta,
279 1480 451 1520 virtutes
479 1493 524 1527 ae
547 1479 814 1529 charaffleres,
848 1479 1089 1529 sententiae,
1122 1480 1253 1520 oratio
1275 1495 1322 1520 ac
1344 1480 1538 1528 metionis

186 1566 319 1606 genus
334 1551 646 1601 constituuntur
660 1571 672 1601 3
692 1553 832 1606 verbo,
848 1552 1115 1606 admiratione
1129 1551 1308 1606 quaesita
1320 1553 1539 1598 delcetatio

188 1614 423 1680 'moderatur
447 1624 488 1663 in
512 1624 589 1664 hoc
612 1639 758 1678 genere
780 1625 933 1667 omnia.

246 1695 382 1736 Potest
399 1706 537 1736 autem
559 1697 743 1737 accidere
765 1697 976 1737 mentibus
1000 1694 1146 1737 nostris
1164 1695 1381 1744 admiratio
1402 1712 1539 1750 rerum.

188 1769 252 1809 vel
288 1769 507 1819 hominum
543 1769 665 1810 modo
697 1785 793 1811 cum
829 1771 1036 1820 molliore,
1069 1769 1194 1810 modo
1222 1783 1318 1810 cum
1350 1770 1539 1825 grauiore

187 1842 422 1881 animorum
446 1842 623 1894 impulsu
644 1861 655 1892 3
700 1844 898 1884 miramur
923 1844 1034 1893 enim
1057 1843 1136 1883 alia
1158 1844 1348 1884 attonitis
1371 1842 1536 1894 ssmiles,

188 1913 270 1954 alia
292 1924 442 1953 terrore
467 1914 656 1969 perculsi,
688 1916 768 1955 alia
788 1917 1044 1963 miseratione
1065 1917 1264 1957 commoti
1285 1935 1297 1971 3
1331 1917 1537 1965 interdum

188 2001 342 2042 magno
375 2001 470 2038 cum
502 1988 628 2028 animi
652 1988 758 2029 aestu
792 1990 954 2040 miratio
975 1988 1030 2043 est
1051 1989 1295 2039 coniuncsta,
1329 1989 1537 2031 interdum

188 2075 288 2101 cum
311 2060 464 2100 leniore
487 2075 531 2114 ae
554 2062 767 2102 remiffiore
789 2063 964 2117 impetu,
995 2072 1035 2105 et
1057 2078 1152 2112 cum
1173 2062 1362 2107 molliore
1382 2071 1422 2102 et
1447 2063 1536 2103 sua-

188 2133 306 2173 uiore
327 2133 453 2173 animi
472 2132 636 2174 affeftu.
700 2134 801 2189 Qio
824 2136 908 2189 ipso
931 2135 1130 2189 sequitur,
1156 2144 1202 2175 vt
1223 2147 1372 2189 magna
1394 2135 1435 2174 in
1458 2135 1537 2174 hoc

188 2220 334 2260 genere
367 2205 441 2251 esse
473 2208 587 2259 poffit
614 2208 787 2248 varietas
816 2198 889 2261 pro
917 2208 1148 2263 argumenti
1186 2207 1344 2251 diuersa
1374 2217 1536 2257 natura,

187 2290 316 2334 ytque
338 2279 472 2333 inanis
495 2278 540 2320 sit
562 2280 741 2320 virorum
765 2280 979 2321 doetorum
1011 2295 1148 2335 opera,
1181 2281 1255 2335 qui
1288 2279 1458 2337 Homeri
1490 2294 1536 2319 ac

190 2350 364 2406 Virgilii
387 2352 583 2406 exemplis
606 2367 770 2394 omnem
789 2355 981 2400 carminis
1003 2355 1111 2409 epici
1144 2363 1333 2397 naturam
1355 2353 1535 2407 eircum-

192 2426 364 2468 scribere
384 2427 620 2467 voluerunt.

247 2497 351 2538 Eam
374 2499 686 2542 admirationem
711 2513 864 2547 rerum,
899 2513 1001 2552 quae
1033 2514 1128 2541 cum
1160 2508 1312 2539 terrore
1339 2507 1409 2556 aut
1440 2513 1537 2540 cum

186 2569 446 2615 miseratione
462 2581 500 2624 et
523 2571 710 2626 grauiore
733 2571 907 2610 omnino
928 2572 1056 2611 animi
1078 2571 1225 2612 affe<9ffl
1251 2582 1429 2612 mentem
1454 2572 1536 2611 im—

189 2641 325 2697 pellit,
359 2643 546 2695 inprimis
576 2644 623 2682 ad
654 2643 851 2684 tenendos
882 2645 1224 2696 animos-valere,
1258 2635 1536 2698 magnamque

188 2710 503 2760 dele&ationem
528 2715 688 2765 habere,
722 2717 815 2770 quis
847 2730 930 2755 non
961 2716 1098 2756 videat
1125 2726 1164 2756 et
1186 2728 1355 2758 naturae
1386 2710 1534 2766 huma-2

186 2800 263 2845 nae
284 2785 359 2839 esse
382 2797 700 2829 conicntaneum
723 2788 945 2844 intelligat.
1008 2788 1092 2831 Res
1114 2790 1213 2832 haec
1234 2805 1284 2833 ex
1307 2799 1421 2844 parte
1441 2790 1534 2829 ani-

1323 2862 1536 2919 maduersa
