1685 3093
299 209 396 253 DE
447 209 678 254 CARM.
730 213 961 258 EPICO
1012 210 1306 258 VIRGILss
1444 234 1495 265 21

158 315 249 356 nior
266 313 340 365 est,
371 330 457 370 quo
478 318 630 357 maiora
649 318 816 360 virtutis
837 319 1150 361 adhortamenta
1169 332 1210 362 et
1232 323 1502 364 incitamenta

156 401 253 427 cum
281 388 358 428 hac
389 389 474 442 ipsa
502 390 714 444 voluptate
738 391 887 432 animis
916 394 952 432 se
984 392 1217 443 insinuant3
1251 405 1295 435 vt
1323 395 1439 447 adeo,
1471 396 1499 437 fi

156 460 250 513 quis
272 460 446 499 carmini
468 461 586 513 epico
613 476 809 517 magnum
831 465 999 519 aliquod
1021 481 1067 506 ac
1089 466 1344 519 praeclarum
1366 468 1500 509 virtu-

155 532 209 571 tis
244 541 285 571 et
316 532 439 582 vitae,
488 534 679 586 inprimis
716 537 922 589 publicae,
970 549 1235 593 praeceptum
1272 540 1500 582 subiecs’tum

154 602 231 644 effe
252 604 397 644 debere
427 606 593 655 dixerit,
626 607 674 646 ad
703 622 837 649 rerum
865 612 1009 665 vtique
1031 613 1244 652 veritatem
1265 613 1405 653 dixisse
1431 615 1503 654 ille

155 675 374 725 videatur3
407 677 471 717 scd
494 688 633 731 poetae
663 681 783 734 epico
815 681 909 723 talis
941 685 1098 725 Vtilitas
1121 686 1167 726 ad
1193 686 1500 740 philosophicas

154 748 335 788 rationes
365 748 508 788 exacf’ca
538 751 701 791 nonita
722 753 924 807 proposita
954 754 1028 795 effe
1065 757 1207 809 potest,
1244 768 1287 797 vt
1320 759 1502 811 poeticas

155 820 336 861 rationes
363 821 455 861 inde
488 831 599 875 petat
627 832 697 862 aut
732 819 954 876 metiatur3
998 839 1043 867 vt
1078 843 1214 869 rerum
1246 839 1503 871 narratarum

157 893 427 933 admiratione
445 895 570 934 animi
593 895 842 946 afficiantur,
874 898 954 938 hoc
981 900 1185 941 summum
1213 901 1269 942 est
1294 903 1403 957 quod
1434 903 1505 943 ille

158 966 357 1020 sequitur.
432 965 522 1020 Ipsa
562 978 700 1007 autem
743 983 875 1009 rerum
917 973 1232 1027 animorumque
1272 974 1505 1015 nostrorum

158 1049 306 1078 natura
336 1040 392 1078 ita
422 1039 518 1088 fert,
551 1048 613 1088 vt,
654 1040 764 1093 quod
801 1055 823 1079 a
858 1042 1010 1082 virtute
1045 1054 1086 1085 et
1121 1045 1300 1087 Vtilitate
1337 1048 1506 1101 publica

158 1121 293 1161 vacat,
333 1111 380 1150 ad
416 1111 575 1151 animos
617 1110 771 1152 nostros
808 1111 1078 1154 admiratione
1110 1117 1381 1171 impellendos
1417 1121 1504 1161 vim

156 1184 304 1224 habere
326 1193 516 1238 nequeat.
579 1183 681 1225 Non
714 1185 842 1239 igitur
867 1185 952 1225 vlla
981 1188 1139 1228 ratione
1165 1191 1328 1231 euenire
1357 1192 1503 1245 potest,

157 1266 202 1297 vt
223 1257 380 1297 bonurn
402 1271 566 1296 carmen
586 1258 752 1310 epicum
784 1258 997 1298 contineat
1018 1260 1141 1310 nihil,
1175 1263 1285 1315 quod
1314 1264 1361 1303 ad
1394 1266 1503 1317 pub-

156 1329 282 1371 licam
303 1340 343 1370 et
365 1330 533 1370 ciuilem
555 1330 776 1372 Vtilitatem
798 1330 930 1370 valere
958 1333 1088 1384 poffit.
1150 1332 1313 1391 Magna
1343 1335 1504 1377 vififfim

156 1414 198 1443 et
225 1403 350 1443 ardua
380 1401 564 1453 consilia,
601 1400 747 1445 excelsi
774 1410 815 1440 et
851 1402 1062 1456 magnifici
1091 1406 1326 1448 animorum
1349 1409 1502 1460 sensu3‚

156 1476 289 1517 virtus
320 1475 427 1516 vltra
461 1476 676 1530 vulgarem
709 1475 972 1516 mortalitatis
1016 1478 1232 1520 modulum
1271 1491 1312 1521 et
1348 1497 1504 1523 morem

157 1549 339 1589 animosa
359 1558 400 1588 et
428 1550 563 1599 fortis,
597 1548 723 1588 nullis
756 1547 929 1589 aduersis
961 1549 1118 1591 casibus
1148 1562 1190 1594 et
1224 1555 1504 1607 periculorum

159 1622 381 1662 terroribus
408 1621 582 1662 infrac‘ta
613 1635 744 1670 mem,
782 1621 886 1661 salus
908 1622 1084 1674 ciuium,
1117 1626 1179 1665 vel
1218 1627 1379 1679 imperii
1413 1642 1502 1667 ma„

158 1695 273 1736 iestas
289 1704 402 1748 parta
415 1694 477 1734 vel
495 1694 648 1733 seruata
661 1706 707 1732 ac
722 1691 899 1741 defensa,
924 1692 1023 1733 haec
1037 1695 1174 1736 eadem
1190 1698 1259 1738 illa
1274 1699 1384 1749 sunt,
1407 1701 1505 1753 qui-

158 1768 235 1807 bus
251 1767 429 1806 maxime
451 1766 670 1805 hominum
692 1764 840 1804 animis
862 1764 1077 1808 admiratio
1095 1770 1211 1810 iniici
1233 1771 1379 1823 potest,
1400 1786 1506 1825 quae

157 1840 257 1881 adeo
274 1838 464 1893 inprimis
478 1839 596 1891 epico
610 1837 781 1878 carmini
798 1837 985 1879 idoneam
1000 1841 1209 1900 materiam
1228 1842 1502 1896 suppeditant.

215 1912 450 1954 Admiratio
473 1912 626 1964 itaque,
661 1907 814 1948 necesse
844 1923 926 1948 non
949 1908 1020 1959 est,
1052 1922 1096 1951 vt
1118 1928 1139 1952 a
1162 1928 1298 1954 rerum
1319 1924 1359 1954 et
1381 1926 1503 1955 natu-

155 2000 223 2026 rae
245 1985 454 2026 miraculis
477 1994 667 2038 petatur3
704 1982 784 2032 sed,
808 1982 917 2035 quod
945 1983 1066 2023 facile
1088 1984 1262 2038 quisque
1284 1986 1503 2041 intelligit,

156 2058 426 2099 admiratione
453 2057 612 2096 animos
644 2054 800 2095 nostros
831 2056 1016 2095 afficiunt
1037 2058 1207 2097 omnino
1229 2072 1289 2098 res
1310 2072 1332 2098 a
1353 2073 1504 2114 magna

156 2129 283 2170 animi
306 2130 458 2168 virtute
479 2137 551 2168 aut
571 2127 739 2167 immani
762 2127 905 2182 aliquo
928 2127 1073 2168 scelere
1095 2130 1317 2182 profeffihe,
1341 2146 1362 2170 a
1384 2146 1502 2187 mag-

157 2215 214 2240 no
246 2201 351 2249 viro,
403 2214 552 2254 magna
593 2200 747 2253 ingenii
788 2200 846 2249 vi,
898 2202 1059 2256 magnis
1100 2203 1283 2255 corporis
1324 2204 1501 2254 viribus,

158 2273 319 2328 magnis
348 2273 473 2312 animi
504 2272 686 2313 motibus
715 2282 755 2312 et
779 2271 1014 2324 affeffibus,
1049 2275 1154 2314 inter
1185 2290 1356 2330 magnas
1393 2276 1502 2315 diffi-

156 2346 352 2395 cultates,
385 2346 500 2385 casus
529 2355 570 2384 et
592 2345 790 2398 pericula,
823 2347 984 2400 magnis
1007 2346 1210 2400 praesidiis
1240 2359 1280 2387 et
1314 2349 1501 2399 auxiliis,

157 2418 318 2472 magnis
340 2417 386 2456 de
409 2418 550 2456 cauffis
574 2417 777 2470 susceptae
798 2428 838 2457 ct
860 2418 1006 2474 gestae,
1025 2411 1272 2473 qualcs'fere
1295 2435 1355 2460 res
1377 2422 1502 2461 etiam

154 2499 308 2529 euentu
346 2489 477 2530 clarae
504 2499 544 2528 et
571 2488 745 2544 insignes
779 2490 1003 2543 magnique
1037 2492 1214 2545 exempli
1245 2491 1320 2532 esse
1353 2493 1502 2545 solent,

156 2572 200 2601 vt
222 2573 291 2602 aut
314 2563 447 2617 magni
474 2562 648 2601 alicuius
673 2563 744 2603 viri
776 2573 846 2602 aut
878 2563 1019 2616 populi
1043 2564 1104 2603 vel
1132 2565 1314 2605 ciuitatis
1337 2575 1407 2606 aut
1428 2581 1500 2622 ge-

156 2635 265 2675 neris
295 2635 392 2674 adeo
424 2636 593 2675 humani
626 2635 812 2676 fortunas
846 2635 887 2676 iu
924 2646 1138 2689 Vtramque
1174 2647 1330 2690 partem
1361 2639 1500 2678 conti-

155 2718 296 2748 neant.
360 2707 461 2748 Non
490 2708 668 2748 difficilis
700 2705 754 2748 cst
783 2706 830 2746 ad
865 2708 1195 2762 cognoscendum
1220 2711 1260 2750 in
1282 2711 1502 2751 rhetoricis

153 2792 196 2821 et
218 2781 389 2835 poeticis
412 2781 528 2824 locus
551 2781 598 2823 de
620 2779 933 2836 magnitudine;
967 2795 1043 2823 nec
1067 2791 1202 2825 tamen
1225 2784 1359 2824 Omnis
1383 2797 1499 2837 mag..

804 2851 841 2894 C
874 2866 899 2909 3
1353 2853 1502 2897 nitudo
