1685 3093
299 161 395 205 DE
443 158 673 203 CARM.
723 121 951 202 EPICe)
1004 156 1302 201 VIRGIL.
1420 175 1477 219 23

127 266 338 311 maduersa
365 267 408 306 in
437 265 676 319 opinionem
712 263 876 305 induxit
914 262 1264 304 Marmontelium
1286 262 1343 303 V.
1366 261 1470 304 CL*

126 352 174 382 vt
194 341 302 380 intra
322 340 500 393 tragicos
522 337 694 379 affei'ms
724 350 809 376 non
831 336 969 375 minus
990 336 1154 389 epicum
1176 350 1307 390 genus
1329 337 1470 375 conti-

126 414 215 454 neri
236 422 276 453 et
294 412 400 452 idem
417 419 706 467 argumentum
729 408 770 447 in
792 417 1014 462 Vtrumque
1035 408 1148 449 vsum
1166 408 1469 449 accommodari

125 484 234 540 posse
254 484 471 526 existimet.
524 481 600 523 Sed
620 481 797 520 dramate
814 480 936 520 latius
951 490 1086 534 patere
1102 481 1265 534 epicum
1287 495 1470 531 carmen,

125 560 206 599 hoc
227 557 300 608 est,
332 556 608 597 narrationem
632 566 701 606 per
722 552 875 593 caussas
897 564 939 592 et
959 552 1127 594 consilia
1146 552 1367 607 expositam
1386 572 1396 604 3
1430 564 1471 594 ct

125 644 299 686 magnos
349 628 520 669 affectus
569 641 652 667 non
691 625 765 666 nisi
801 641 924 667 vnam
958 625 1033 666 esse
1072 641 1122 666 ex
1163 626 1350 681 pluribus
1397 626 1469 666 ad«

126 702 358 743 mirationis
390 700 613 741 mouendae
649 700 808 748 caustis,
853 713 903 738 ex
946 697 1220 750 superioribus
1253 697 1373 738 facile
1404 698 1471 737 in-

125 775 346 831 telligitur.
409 772 478 814 Ne
518 773 622 813 illud
662 786 867 822 moneam,
911 771 1017 824 epici
1060 770 1256 810 carminis
1295 770 1472 810 virtutes

122 848 278 890 multas
298 862 347 888 ex
366 846 610 887 narrationis
625 846 755 885 bonae
778 843 914 884 indole
932 853 970 883 et
993 852 1139 884 natura
1160 841 1237 882 effe
1260 842 1471 895 petendas,

122 921 174 961 ad
197 935 322 975 quam
343 930 383 959 et
404 920 482 958 hoc
505 918 672 971 spmstat,
704 925 748 956 vt
775 925 891 955 tanto
922 914 1084 955 dulcior
1105 913 1151 954 fit
1172 916 1307 954 omnis
1329 929 1470 954 narra-

126 996 202 1045 tio,
236 1003 394 1047 quanto
410 991 540 1044 magis
563 989 635 1029 illa
655 989 840 1028 animum
862 998 1013 1028 terrore
1035 987 1095 1028 vel
1120 987 1375 1028 miseratione
1395 1001 1471 1027 ex-

125 1068 268 1121 agitat.
332 1064 394 1103 Vt
415 1077 525 1112 vero,
557 1061 667 1115 quod
689 1062 751 1101 vir
767 1061 1084 1116 elegantiffimus
1108 1061 1150 1100 in
1172 1060 1352 1100 medium
1375 1074 1471 1114 pro-

124 1139 221 1188 fert,
255 1137 386 1178 sutilis
409 1135 548 1189 aliqua
570 1133 820 1188 tragicarum
838 1131 1051 1171 aetionum
1073 1146 1289 1186 compages
1312 1133 1471 1172 bonum

123 1225 221 1265 epos
251 1210 419 1260 efficiat,
451 1221 605 1247 vereor.
667 1207 728 1246 At
752 1219 847 1245 vero
868 1220 918 1244 ex
939 1205 1044 1258 epici
1068 1204 1261 1244 carminis
1284 1205 1471 1257 partibus

124 1285 253 1325 bonas
275 1282 502 1338 tragoedias
521 1279 604 1321 fieri
627 1277 734 1334 poffe
754 1277 833 1316 alia
853 1290 914 1317 res
931 1275 1002 1326 est,
1034 1275 1083 1316 de
1105 1290 1188 1330 qua
1207 1276 1288 1317 iam
1305 1275 1468 1318 Aristo—

123 1358 226 1398 teles
247 1357 332 1412 egit
353 1355 469 1396 Poet.
503 1369 541 1394 e.
567 1366 620 1409 23
640 1362 681 1392 et
701 1352 770 1395 26.

181 1429 295 1470 Illud
318 1438 455 1469 tamen
485 1427 624 1481 negari
647 1424 811 1481 nequit,
843 1437 940 1464 cum
962 1424 1019 1474 id,
1053 1423 1163 1478 quod
1186 1423 1472 1465 admirationis

123 1503 290 1544 maioris
311 1502 396 1542 vim
413 1501 577 1551 habeat,
609 1498 657 1539 ad
679 1498 837 1538 animos
859 1496 1016 1537 nostros
1036 1496 1263 1536 mouendos
1285 1505 1402 1536 tanto
1423 1495 1472 1537 fit

125 1574 356 1629 potentius,
399 1572 612 1612 heroicum
643 1580 933 1627 argumentum
963 1584 1094 1624 genus
1129 1569 1237 1622 epici
1275 1569 1472 1609 carminis

125 1647 418 1688 nobilissimum
452 1643 729 1690 constituere;
763 1642 950 1695 inprimis
982 1640 1008 1681 fi
1033 1655 1082 1680 cx
1104 1641 1280 1680 heroicis
1308 1650 1468 1694 tempo-

125 1721 241 1761 ribus
275 1718 449 1773 petitum
480 1717 619 1766 fuerit,
663 1716 816 1769 quibus
840 1714 1010 1754 deorum
1043 1715 1279 1753 interuentu
1313 1728 1373 1754 res
1399 1723 1472 1754 aut

121 1791 254 1851 gestae
277 1791 370 1831 sunt
391 1798 461 1829 aut
483 1788 567 1843 geri
589 1788 792 1836 creditae3
825 1785 894 1827 etsi
922 1788 1060 1825 minus
1081 1786 1184 1825 bene
1214 1799 1236 1824 a
1263 1783 1472 1831 Batteusio

124 1877 167 1906 et
187 1865 279 1906 aliis
302 1874 388 1904 tota
408 1862 513 1916 epici
544 1859 738 1901 carminis
768 1859 828 1899 vis
861 1871 910 1898 ex
939 1857 1001 1897 his
1035 1856 1206 1897 deorum
1237 1856 1471 1902 ministeriis

125 1937 358 1979 deducitur.

184 2009 383 2064 Reliqua,
416 2020 520 2062 quae
541 2005 588 2046 de
608 2004 790 2046 carmine
811 2003 928 2058 epico
950 2003 1126 2057 praecipi
1152 2002 1300 2052 solent,
1321 2002 1471 2055 partim

124 2098 174 2124 ex
198 2080 444 2123 narrationis
465 2080 595 2120 bonae
613 2078 771 2118 ratione
793 2091 839 2117 ac
862 2077 1104 2130 praeceptis,
1128 2076 1276 2129 partim
1297 2089 1348 2114 ex
1370 2088 1469 2127 poe-

127 2157 231 2196 ticae
251 2153 449 2195 orationis
471 2153 611 2208 genio,
630 2151 802 2205 repetita
819 2149 914 2190 sunt
929 2159 969 2188 et
990 2149 1110 2189 facile
1132 2148 1257 2202 repeti
1281 2145 1472 2201 possunt,

127 2244 167 2268 v.
193 2243 230 2268 c.
264 2241 368 2281 quae
389 2226 437 2266 de
457 2225 645 2279 episodiis
667 2233 810 2279 argute
830 2223 960 2278 magis
990 2236 1114 2276 quam
1142 2235 1234 2262 vere
1256 2220 1470 2272 disputan-

127 2312 208 2342 tur.
267 2298 420 2354 Neque
443 2299 485 2339 in
507 2298 569 2339 his
587 2298 745 2338 animos
762 2293 1032 2352 generosiores
1049 2294 1118 2334 diu
1136 2294 1306 2334 detineri
1331 2292 1471 2332 velim.

128 2373 328 2427 Pleraque
349 2373 459 2412 enim
483 2372 575 2412 sunt
596 2370 712 2421 talia,
744 2380 805 2420 vt,
838 2367 911 2409 nisi
934 2368 1027 2422 quis
1050 2367 1257 2409 tardiffimi
1287 2365 1332 2406 sit
1355 2366 1473 2420 inge-

128 2448 206 2498 nii,
239 2447 372 2500 primo
402 2445 535 2485 statim
564 2458 698 2484 rerum
726 2441 891 2482 obiecftu
916 2454 961 2480 ea
989 2440 1200 2493 percipiat.
1263 2436 1476 2491 Qiorsum

128 2521 239 2563 enim
262 2519 425 2573 operose
443 2517 572 2558 multa
592 2516 846 2560 conscribere
863 2523 933 2554 aut
953 2524 1288 2560 commemorare,
1322 2518 1365 2550 vt
1388 2509 1474 2549 fac-

129 2602 236 2643 tum,
268 2592 378 2647 quod
410 2598 701 2646 argumentum
736 2587 899 2641 epicum
929 2585 1161 2635 contineat,
1203 2584 1367 2633 doceas,
1397 2580 1474 2621 esse

130 2667 272 2707 debere
294 2678 440 2714 vnum,
472 2674 511 2703 et
527 2662 779 2712 absolutum,
811 2670 852 2700 et
874 2659 981 2699 intra
1003 2656 1151 2698 iustum
1169 2657 1363 2710 temporis
1386 2655 1475 2708 spa-

125 2762 1479 2797 ,.........-..-..-.-..-.—.-—--—————-———---·

367 2849 384 2899 f
415 2847 575 2898 Poetique
595 2844 794 2897 Franfoise.
816 2845 870 2882 T.
892 2843 944 2882 ΙΙ.
974 2855 1014 2894 p.
1039 2852 1126 2892 ²34·
1160 2838 1241 2890 sqq.

771 2952 808 2996 C
831 2967 860 3012 4
1380 2947 1481 2987 tium
