1685 3093
233 148 329 194 DE
376 145 888 191 CARM.EP1CO
936 146 1232 213 VtRGIL.
1351 163 1406 208 27

63 265 154 300 tum
175 255 225 296 ab
257 251 478 294 Aristotele
505 252 680 308 aliisque
700 252 879 303 iniectis,
912 253 961 293 ab
984 263 1068 293 arte
1089 253 1243 295 necesse
1265 254 1414 296 habuit

63 338 200 387 petere
220 327 374 367 omnia.
436 326 537 367 Alio
562 341 682 377 aeuo,
714 327 764 366 ab
787 326 953 365 heroica
972 336 1102 367 aetate
1124 328 1249 368 nimis
1277 342 1413 369 remo-

0 411 1 414 ’
62 412 125 453 to,
158 402 265 440 inter
300 398 578 440 diuerfiffimas
609 399 845 447 hominum,
878 411 1030 449 rerum,
1062 409 1314 452 temporum,
1344 399 1412 441 lo-

63 489 209 516 corum
241 487 287 512 ac
315 472 421 512 coeli
451 472 630 512 rationes
662 470 780 510 suum
801 484 904 521 opus
926 480 1010 510 erat
1032 471 1252 527 aggressus.
1313 471 1416 514 Sine

61 546 274 589 doetrinae
302 554 344 585 et
373 544 527 584 multae
557 557 603 582 ac
634 541 768 582 variae
803 540 994 582 lectionis
1024 544 1173 595 copiis,
1196 543 1313 584 nulla
1333 545 1415 585 iam

63 630 155 662 tum
176 619 336 675 ingenii
358 618 448 658 laus
472 624 572 657 erat.
634 613 785 654 Fracto
825 614 868 653 in
907 614 1021 653 hunc
1058 615 1228 654 modum
1262 616 1416 657 mentis

65 695 240 748 impetu,
273 702 411 733 tamen
434 689 498 731 vel
526 687 578 729 fic
608 700 806 742 magnum
827 686 915 726 eius
937 687 1060 726 etiarn
1082 688 1127 726 in
1149 687 1418 730 inueniendis

64 768 187 808 rebus
210 765 427 821 ingenium
451 778 500 803 ex
532 762 596 801 his
628 760 855 815 agnoscas:
890 756 1076 798 Primum
1113 757 1217 799 vidit
1248 774 1417 801 carmen

64 841 231 894 epicum
266 835 557 882 Homericum,
604 832 683 871 hoc
715 830 787 879 est,
820 831 1035 871 heroicum
1064 829 1172 884 poffe
1202 830 1347 884 perfici
1374 842 1420 874 et

65 913 235 962 ornari,
283 920 374 950 tum
407 909 496 948 eius
531 906 601 946 vix
633 904 707 944 esse
739 903 845 957 posse
881 914 1172 959 argumentum
1203 905 1419 955 idoneum,

66 984 141 1027 nisi
159 973 209 1025 ex
232 984 378 1024 vltima
400 978 650 1032 antiquitate
671 987 711 1016 et
732 986 861 1016 aetate
884 978 1053 1017 heroum
1070 978 1233 1031 proprie
1254 978 1312 1018 ita
1327 978 1418 1019 dic-

68 1069 205 1099 torum
223 1057 414 1110 petitum.
478 1050 551 1091 Est
581 1060 719 1089 autem
751 1063 773 1089 a
805 1058 954 1089 natura
982 1064 1045 1090 res
1077 1051 1136 1090 ita
1164 1059 1419 1104 comparata,

66 1141 111 1172 vt
133 1130 361 1184 priscorum
378 1127 552 1166 heroum
571 1122 654 1176 ipsa
669 1122 858 1171 nomina,
891 1136 952 1161 res
975 1120 1108 1177 gestae
1128 1132 1169 1163 et
1190 1123 1274 1163 fata
1292 1124 1421 1165 etiam

69 1217 140 1257 per
163 1202 199 1243 se
221 1215 307 1241 non
339 1199 440 1239 adeo
469 1195 753 1237 memorabilia
773 1196 960 1235 animum
991 1195 1222 1236 humanum
1253 1205 1424 1237 teneant

67 1284 109 1315 et
127 1274 397 1314 admiratione
418 1271 616 1311 afficiant.
678 1268 752 1309 Est
774 1283 897 1323 porro
922 1267 994 1308 illa
1023 1277 1156 1309 aetate
1183 1283 1347 1309 morum
1373 1283 1423 1310 ac

65 1348 177 1388 vitae
204 1345 445 1399 simplicitas
477 1357 539 1393 ea,
562 1356 667 1397 quae
688 1342 897 1396 poeticum
918 1352 1112 1384 ornatum
1143 1342 1424 1398 sublimesque

67 1433 203 1460 rerum
229 1418 381 1458 formas
421 1424 463 1455 et
497 1415 793 1455 sententiarum
828 1416 1077 1470 grauitatem
1116 1415 1252 1457 multo
1289 1416 1424 1471 magis

68 1490 317 1546 suppeditet,
342 1502 468 1544 quam
488 1488 575 1529 vita
595 1489 814 1529 hominum
835 1488 1089 1544 elegantior3
1114 1488 1284 1543 quando
1300 1489 1425 1530 etiam

70 1565 160 1618 ,ipsa
187 1563 293 1604 faeta
322 1576 544 1617 corporum
572 1561 703 1616 magis
730 1561 889 1601 viribus
927 1569 967 1600 et
998 1562 1231 1601 animorum
1264 1562 1426 1615 impetu

70 1652 119 1677 ac
144 1636 297 1676 virtute
324 1635 589 1691 gerebantur,
609 1646 734 1685 quam
751 1629 1018 1672 confiliorum
1040 1632 1275 1687 sagacitate,
1297 1643 1339 1674 et
1358 1648 1426 1674 ar-

71 1710 127 1750 tis
149 1709 213 1750 vel
229 1708 386 1763 ingenii
407 1706 651 1747 subtilitate.
693 1701 889 1742 Tandem
902 1705 1093 1758 gerendis
1107 1715 1197 1746 tum
1209 1706 1332 1746 rebus
1352 1703 1429 1759 ipfi

72 1783 132 1823 dii
161 1778 387 1823 interfuisse
407 1779 693 1820 credebantur.
728 1776 794 1817 Ita
815 1777 986 1818 deorum
1009 1778 1245 1819 ministeriis
1266 1793 1328 1819 res
1349 1793 1426 1819 ex-

74 1855 230 1909 plicare
264 1863 306 1894 et
333 1868 384 1893 ex
415 1860 506 1892 toto
526 1850 648 1907 cyclo
669 1850 874 1905 mythico,
897 1865 1002 1905 quae
1023 1851 1166 1902 vellet,
1189 1851 1430 1904 depromere

73 1919 247 1982 poterat.
272 1925 434 1971 Italicis
447 1936 585 1965 autem
598 1922 754 1978 mythis
763 1937 918 1963 nouam
928 1934 968 1964 et
980 1922 1158 1966 Graecis
1170 1926 1429 1982 incognitam

74 2001 321 2042 suauitatem
342 1999 508 2039 adiecit.
571 1997 692 2038 Tum
727 2012 824 2038 vero
862 1998 1072 2051 praeclaro
1106 1999 1262 2040 iudicio
1301 2013 1427 2053 argu-

75 2083 264 2115 mentum
284 2087 335 2113 ex
356 2081 490 2113 vetere
511 2071 632 2128 cyclo
653 2070 772 2125 epico
801 2069 974 2125 delegit,
1007 2071 1185 2113 necdum
1206 2072 1430 2113 traetatum

74 2162 98 2189 a
118 2148 230 2190 claro
251 2146 393 2201 aliquo
421 2149 558 2200 poeta,
589 2159 665 2186 nec
696 2154 834 2185 tamen
870 2144 992 2198 plane
1031 2145 1234 2187 intaffi'tum
1261 2154 1302 2186 et
1333 2144 1428 2186 Ho-

75 2221 232 2261 merico
252 2219 428 2273 aliisque
449 2218 703 2260 carminibus
727 2216 838 2273 quasi
860 2219 1107 2273 contiguum
1124 2233 1170 2259 ac
1185 2218 1427 2259 finitimum.

79 2291 145 2333 Ita
164 2294 277 2335 enim
304 2293 585 2347 consequutus
608 2290 662 2332 est
685 2292 780 2341 hoc,
804 2301 848 2332 vt
869 2292 1081 2331 materiam
1103 2292 1272 2332 haberet
1283 2291 1429 2345 copio-

77 2366 177 2416 sam,
210 2380 284 2406 nec
324 2364 485 2414 rudem,
530 2363 592 2404 sed
645 2363 807 2416 poetica
842 2363 1085 2403 tractatione
1117 2364 1167 2404 ab
1207 2363 1298 2404 aliis
1349 2364 1432 2403 iam

77 2438 284 2480 subactam
305 2447 345 2478 et
367 2437 414 2478 ad
436 2437 596 2491 epicam
617 2435 865 2491 dignitatem
886 2450 932 2476 ac
950 2437 1035 2478 vim
1057 2436 1429 2478 accommodatam.

80 2508 278 2560 Personas
302 2519 344 2550 et
364 2509 637 2560 characteres,
671 2524 803 2550 mores
825 2524 872 2550 ac
890 2509 998 2551 facta
1019 2511 1100 2550 iarn
1128 2510 1293 2550 aliunde
1316 2519 1433 2561 nota,

80 2576 384 2633 commendata,
417 2581 641 2623 constituta
672 2596 719 2622 ac
757 2580 943 2634 definita,
974 2583 1180 2636 optauerit
1208 2582 1280 2623 fibi
1314 2587 1436 2638 poeta

82 2656 270 2710 quisque.
331 2654 444 2696 Illud
466 2670 562 2696 vero
583 2656 631 2695 ad
661 2655 981 2711 intelligendum
1004 2656 1191 2710 procliue
1212 2655 1284 2707 est,
1309 2670 1435 2711 quam

82 2728 271 2781 expedita
311 2743 356 2769 ac
399 2728 533 2769 facilis
576 2727 651 2768 esse
691 2729 834 2770 debeat
870 2729 991 2784 copia
1025 2739 1364 2770 ornamentorum
1393 2738 1437 2770 et

84 2801 359 2870 episodiorum
390 2803 432 2844 in
466 2801 538 2842 tali
569 2810 818 2857 argumento
849 2810 934 2855 tam
963 2801 1045 2854 late
1066 2802 1157 2845 fuso
1177 2811 1217 2844 et
1239 2810 1435 2857 patente5

318 2887 369 2931 30
618 2866 623 2870 ’
1323 2874 1435 2928 quod
