1685 3093
181 213 236 242 20
508 195 1091 254 DISQVISITIO
1152 195 1188 238 1.

184 302 354 358 singulis
381 302 500 343 rebus
528 313 568 343 et
589 306 728 344 cauffis
752 319 915 344 monere
947 303 1160 343 commode
1189 312 1229 343 et
1260 316 1356 343 cum
1390 300 1530 343 frut‘hx

183 389 371 415 enarrare
412 390 474 424 ea,
523 391 627 429 quae
661 376 967 416 adolescentum
1005 374 1173 430 ingenia
1208 373 1331 425 alere,
1379 373 1533 414 iudicia

185 461 345 494 acuere,
378 446 605 502 elegantiae
626 460 666 487 et
687 449 854 489 virtutis
877 448 1034 488 sensum
1059 456 1129 486 aut
1151 445 1347 487 instillare
1367 457 1437 487 aut
1457 461 1532 487 ex-

183 519 310 558 citare
343 519 493 558 animis
526 521 684 572 possint.
749 519 942 560 Omnino
971 519 1081 559 enirn
1114 519 1388 572 praecipiendi
1421 519 1536 559 hisce

184 592 233 631 de
257 592 376 631 rebus
405 592 563 630 Vtiliter
592 599 632 630 et
663 605 759 630 curn
796 591 931 632 fruens
961 592 1009 632 ad
1039 592 1346 632 adolescentum
1373 593 1534 632 animos

185 679 315 719 genus
337 663 392 704 est
414 679 542 704 vnum
570 673 612 703 ct
641 663 799 704 fortasse
821 665 970 715 solum,
993 675 1036 706 vt
1060 665 1218 706 scilicet
1239 678 1323 705 non
1344 663 1538 705 vniuerso

184 737 233 775 de
262 750 408 791 genere
436 734 587 785 multa,
621 735 825 775 subtiliter
857 736 980 785 forte,
1015 737 1078 776 sed
1111 737 1158 777 ad
1190 735 1358 790 ingenia
1384 734 1536 776 tenella

184 820 225 848 et
257 809 374 849 rudia
397 822 538 862 parum
562 807 889 857 accommodate,
921 808 1198 861 disputentur,
1230 823 1374 849 verum
1408 817 1455 849 vt
1489 808 1536 849 in

184 881 272 934 ipsa
301 881 642 936 interpretatione
671 890 811 934 poetae
841 881 884 920 in
917 879 1088 936 singulis
1120 881 1242 932 locis,
1275 881 1412 932 rebus,
1444 894 1536 934 per-

185 955 296 996 soniS
317 969 363 994 ac
388 953 597 994 sententiis
625 967 671 990 ea
702 961 951 992 moneantur
973 953 1188 994 salubriter
1208 969 1256 995 ac
1277 954 1536 1005 breuiffimis,

187 1041 294 1081 quae
325 1041 376 1066 ex
408 1039 447 1065 re
481 1022 679 1078 praesenti
711 1032 752 1062 et
784 1022 918 1063 oculis
955 1024 1134 1066 subiecta
1165 1026 1397 1068 claritatem
1425 1027 1538 1068 suam

187 1100 340 1139 habent
368 1108 407 1138 ct
434 1098 663 1138 veritatem.
727 1096 982 1138 Adolescens
1009 1100 1137 1150 enim,
1170 1101 1243 1154 qui
1276 1110 1359 1142 tarn
1394 1102 1539 1141 beatus

187 1173 329 1222 fuerit,
363 1182 406 1212 vt
429 1170 654 1211 Homerum
677 1179 716 1210 et
730 1168 962 1227 Virgilium
986 1171 1220 1227 interpretis
1242 1173 1418 1215 alicuius
1438 1189 1538 1229 ope-

187 1260 231 1289 ·ra
255 1246 295 1288 in
323 1246 436 1289 hunc
466 1246 634 1287 modum
661 1245 847 1287 instituta
867 1255 1101 1286 enarratum
1129 1246 1321 1297 audierit,
1354 1246 1538 1301 disputa·-

188 1321 322 1361 tiones
345 1319 437 1360 illas
465 1320 702 1360 acsthcticas
726 1319 829 1359 forte
861 1333 945 1359 non
968 1317 1050 1358 sine
1082 1319 1219 1359 fru6'm
1242 1319 1385 1374 aliquo
1416 1319 1537 1359 dein-

187 1406 284 1446 ceps
318 1392 530 1447 perleget,
579 1391 642 1432 sed
674 1392 796 1432 initio
818 1407 840 1432 a
867 1392 938 1432 tali
969 1391 1145 1432 lec'tione
1174 1392 1283 1432 fausto
1307 1391 1335 1433 si
1360 1393 1456 1447 quis
1487 1393 1537 1433 ad

188 1476 326 1519 poetas
357 1465 665 1520 cognoscendos
693 1479 856 1521 pergere
883 1465 1079 1515 voluerit,
1111 1478 1163 1504 an
1189 1465 1222 1505 is
1250 1480 1301 1505 ex
1323 1465 1539 1507 deiforum

189 1540 369 1580 virorum
404 1539 757 1591 disputationibus
799 1539 846 1578 ad
888 1538 1180 1593 inteIIIgendos
1219 1548 1260 1578 et
1296 1539 1542 1580 iudicandos

190 1621 330 1665 poetas
368 1610 547 1650 multum
580 1609 790 1663 profecisse
824 1610 860 1650 se
893 1611 1183 1652 intellecturus
1216 1611 1279 1661 sit,
1317 1611 1542 1653 admodum

188 1684 352 1724 dubito.
418 1682 513 1732 Sed,
537 1693 579 1723 vt
602 1681 795 1736 peruersis
815 1684 1034 1723 hominum
1057 1682 1286 1725 nostrorum
1303 1684 1446 1726 studiis
1463 1700 1538 1727 oc-

192 1769 401 1808 cnrratur,
434 1756 528 1800 satis
550 1756 649 1796 haec
673 1755 783 1795 dieta
803 1755 878 1796 esse
900 1757 1091 1797 arbitror.

247 1839 369 1894 Q1ae
392 1839 460 1877 hic
483 1852 505 1877 a
526 1851 589 1876 me
610 1829 854 1890 exponenda
876 1829 986 1880 sunt,
1020 1846 1149 1884 pauca
1177 1830 1344 1886 quidem
1366 1841 1405 1872 et
1427 1832 1538 1873 sum-

190 1913 352 1961 matim,
376 1911 422 1950 ad
443 1909 729 1965 Virgilianum
751 1922 914 1949 carmen
940 1902 1033 1947 sunt
1055 1904 1278 1949 referenda.
1330 1905 1397 1946 Ad
1415 1906 1540 1946 huius

189 1985 394 2026 rationem
431 1983 745 2038 intelligendam
774 1981 868 2021 satis
898 1978 953 2019 est
988 1988 1144 2029 tenere,
1178 1992 1342 2018 carmen
1374 1979 1544 2032 epicum

189 2058 375 2100 vniuerse
397 2057 502 2097 nihil
525 2055 634 2095 aliud
657 2054 748 2105 effe,
782 2068 907 2108 quam
939 2052 1215 2092 narrationem
1244 2051 1437 2092 omnibus
1459 2065 1543 2091 nu-

191 2133 314 2174 meris
336 2130 564 2172 absolutam
582 2143 628 2168 ac
646 2127 888 2182 perfefi‘mm,
912 2126 976 2166 seu
999 2124 1247 2164 narrationis
1275 2138 1404 2178 genus
1425 2138 1540 2178 prae-

193 2205 475 2246 stantiffimum
497 2212 538 2241 ct
560 2203 608 2242 iis
630 2200 871 2249 virtutibus,
890 2213 993 2252 quae
1018 2198 1117 2238 huic
1143 2197 1282 2253 generi
1307 2195 1426 2237 inesse
1448 2197 1541 2251 pos-

198 2279 308 2328 sunt,
341 2276 628 2322 cumulatu1n3
675 2271 951 2325 carminisque
979 2271 1078 2312 adeo
1108 2272 1217 2325 epici
1251 2280 1442 2311 naturam
1465 2285 1541 2324 po·-

197 2351 313 2391 sitam
340 2349 413 2390 effe
444 2350 485 2388 in
514 2348 567 2387 rei
604 2345 734 2401 gestae
768 2358 940 2399 magnae
973 2353 1012 2383 et
1047 2343 1194 2383 arduae
1227 2345 1461 2385 narratione
1493 2343 1543 2383 ad

197 2424 508 2465 admirationem
531 2419 785 2461 efficiendam
808 2416 1007 2458 instituta.
1070 2415 1286 2458 Eiusmodi
1309 2417 1419 2457 enirn
1448 2431 1543 2457 nar-

198 2498 303 2537 ratio
331 2494 660 2550 praestantissima
686 2491 742 2532 est
764 2506 815 2531 ex
845 2500 934 2531 toto
962 2491 1039 2530 hoc
1072 2506 1208 2532 rerum
1230 2505 1390 2547 genere.
1452 2491 1544 2531 Ad-

201 2569 418 2610 miratione
440 2567 586 2608 animis
605 2565 754 2606 iniets’ca
775 2564 986 2619 quaeritur
1007 2564 1075 2606 hic
1096 2580 1158 2616 ea,
1191 2579 1295 2619 quae
1316 2564 1429 2605 omni
1452 2578 1544 2604 car-

203 2643 304 2681 mini
329 2638 531 2694 proposita
551 2640 622 2689 est,
656 2639 720 2678 sed
743 2639 786 2678 in
815 2638 896 2677 alio
925 2651 1071 2692 genere
1101 2637 1150 2677 ab
1173 2636 1264 2677 aliis
1285 2637 1426 2676 eauffis
1449 2649 1546 2689 pro-

202 2713 418 2762 ficiscitur,
449 2711 698 2760 delee‘tati03
744 2725 849 2763 quac
880 2711 1041 2763 vtique,
1073 2707 1100 2749 fi
1122 2709 1306 2764 ingenuo
1326 2718 1367 2748 et
1388 2708 1550 2749 liberali

204 2787 343 2827 animo
364 2785 491 2840 digna
509 2782 585 2824 effe
606 2783 743 2833 debet,
777 2798 798 2823 a
826 2797 959 2822 rerum
991 2781 1197 2823 honestate
1224 2791 1266 2821 et
1286 2780 1464 2822 vtilitate
1486 2781 1547 2821 se-

181 2911 184 2913 ·
205 2858 346 2900 innita
365 2857 440 2900 esse
462 2859 623 2912 nequit,
658 2868 697 2897 et
720 2864 838 2898 tanto
861 2854 1118 2910 exquisitior,
1151 2853 1377 2908 generossor
1396 2862 1437 2894 et
1458 2853 1546 2906 ple·

1457 2938 1548 2965 mor
