1685 3093
213 168 295 210 214
525 150 1246 198 EXCVRSVS

206 259 352 300 doctus
376 259 455 299 fuit
486 257 626 306 homo,
658 256 811 309 etqui,
843 254 871 298 fi
898 271 985 299 non
1014 265 1170 301 veteres
1192 260 1329 313 paffim
1357 259 1560 315 cyclicos‚

211 331 420 391 Interdum
460 338 500 370 et
545 328 725 383 tragicos
767 331 925 381 poetas,
959 338 1096 369 tamen
1134 344 1221 382 eos,
1253 347 1276 371 a
1303 332 1455 387 quibus
1496 333 1559 376 isti

213 405 379 445 fucrant
418 402 629 455 exscripti,
676 408 770 443 ante
814 402 958 442 oculos
990 402 1154 444 videtur
1187 405 1382 446 habuiffe.
1445 406 1562 448 Hinc

212 475 364 518 Graeci
390 476 468 515 sere
490 474 737 515 recentiores
762 475 1077 529 exscripserunt,
1108 486 1153 516 vt
1182 475 1358 520 Ioannes
1379 478 1558 530 Malala,

210 549 441 599 Cedrenus,
475 548 648 588 Tzetza
678 557 720 588 et
756 546 1056 590 Constantinus
1079 548 1287 592 Manafl'es
1309 567 1349 606 p.
1373 566 1430 606 44
1465 552 1556 607 sqq.

206 624 251 664 in
277 621 447 678 Synopfi
469 621 660 662 historica
687 635 710 662 a
736 621 922 663 Meurfio
941 622 1063 662 edita.
1103 621 1265 664 Praeter
1281 623 1403 664 illum
1420 633 1556 664 tamen

207 697 335 737 alium
380 695 515 736 adhuc
560 694 846 737 Troianarum
894 710 1032 739 rerum
1074 695 1410 749 interpolatorem
1451 696 1560 737 inter

206 768 370 810 seriores
403 765 592 808 Graecos
623 767 815 809 exstitisse
836 767 989 808 necesse
1019 767 1075 808 est
1097 767 1168 809 sub
1198 768 1348 825 Siſszphi
1376 768 1446 809 Coi
1477 784 1557 810 no·-

203 841 343 881 mine·
334 859 345 890 3
379 855 428 880 ex
461 856 545 895 quo
578 840 712 880 multa
744 842 936 882 exhibere
960 841 1121 882 videtur
1154 840 1216 881 Io.
1244 839 1419 881 Malaia.
1497 842 1558 882 At

204 913 374 954 Daretis
395 913 470 954 Ph
461 913 561 966 ygii
585 912 633 952 de
667 913 833 953 excidio
865 911 1058 952 Troiano
1091 912 1259 953 libellus
1294 914 1402 954 haud
1433 913 1558 955 dubie

203 986 392 1039 ineptum
440 986 620 1040 aliquem
658 984 886 1040 Sophistam
928 985 1050 1026 habet
1089 986 1297 1026 auctorem
1336 996 1377 1026 et
1405 987 1556 1057 decla-

201 1059 397 1099 mationis
429 1059 566 1112 potius
601 1074 732 1114 genus
768 1057 1000 1108 constituit,
1033 1072 1118 1111 quo
1154 1062 1368 1111 ροὲῖιῑιιῐη
1388 1037 1556 1101 fabulae

202 1131 248 1173 in
284 1129 472 1171 historiae
506 1132 782 1186 pragmaticae
819 1132 997 1172 formam
1051 1130 1261 1172 deflectere
1303 1131 1556 1187 propositum

197 1202 268 1246 est.

257 1275 390 1317 Fuere
418 1276 543 1316 etiarn
563 1277 665 1317 olim
687 1278 820 1328 Τςωῒκὲι
842 1276 1080 1332 Palaephato
1103 1277 1278 1328 tributa,
1311 1278 1375 1318 sed
1412 1278 1553 1318 iunio-

197 1350 254 1390 riS
277 1346 576 1400 Grammatici,
595 1350 774 1391 eiusdem
798 1351 903 1390 forte
926 1351 1125 1401 nominis,
1159 1351 1308 1392 foetus.
1332 1366 1372 1391 v.
1407 1349 1553 1392 Suidas

198 1424 243 1465 h.
276 1439 316 1464 v.
381 1422 447 1464 Ex
485 1424 534 1464 iis
570 1423 862 1476 depromptum
896 1422 972 1463 effe
1004 1422 1181 1472 videtur,
1215 1424 1326 1477 quod
1362 1423 1553 1466 Seruium

194 1497 363 1537 laudare
385 1497 504 1537 video
525 1496 573 1536 ad
602 1497 673 1537 lib.
699 1494 785 1546 III,
820 1497 858 1539 8.
895 1499 926 1519 “
950 1495 1142 1549 quamuis
1165 1494 1438 1550 Palaephatus
1467 1507 1552 1537 tra-

195 1572 230 1593 “
263 1570 348 1619 dat,
396 1580 518 1624 capto
559 1567 640 1609 Ilio
680 1570 865 1609 Aeneam
904 1568 990 1623 post
1030 1569 1256 1609 triennium
1295 1569 1549 1625 nauigaffe.''

194 1641 312 1682 Idem
341 1643 389 1682 de
428 1643 544 1682 Anio
577 1657 669 1698 rege
701 1652 740 1681 et
774 1641 978 1682 sacerdote
1011 1650 1164 1696 egerat.
1227 1657 1266 1682 v.
1291 1641 1469 1685 eundem
1500 1641 1551 1687 acl

195 1713 285 1765 III,
319 1716 387 1758 80.
451 1715 610 1756 scilicet
651 1714 875 1755 secundum
909 1714 1181 1768 antiquiores,
1224 1729 1328 1768 quos
1368 1715 1550 1768 exscrip-

195 1787 313 1828 serat.
390 1787 457 1828 Ad
493 1803 587 1828 eum
640 1786 756 1827 Ioan.
806 1785 992 1827 I=Aalalae
1033 1802 1198 1841 quoque
1240 1787 1379 1828 locum
1419 1789 1551 1829 refero

197 1858 648 1914 C.2ronogr.p.101.
727 1859 792 1900 Ex
829 1860 891 1900 his
920 1874 966 1900 ac
1007 1858 1224 1911 similibus,
1259 1861 1331 1915 qui
1372 1871 1546 1911 veteres,

196 1946 300 1986 quas
323 1933 561 1983 narrabant,
594 1931 779 1972 historias
815 1930 932 1971 simul
970 1932 1364 1985 interpretabantur,
1390 1933 1547 1973 fluxisse

195 2004 388 2044 videntur
405 2004 577 2044 absurda
598 2013 850 2054 commenta,
868 2005 1018 2057 quibus
1042 2005 1326 2045 contaminata
1349 2005 1403 2046 cst
1423 2006 1547 2046 etiam

194 2075 224 2100 '¹
230 2076 240 2084 ¹
248 2077 376 2116 roiani
399 2091 436 2116 e:
435 2077 549 2122 'cidii
572 2076 752 2117 Historia
788 2078 829 2116 in
867 2079 932 2118 Im
936 2094 1006 2117 mle
1037 2077 1432 2128 Antiech.Mala1⁷a‚
1471 2078 1545 2117 Ce-

194 2149 325 2200 drcne,
359 2150 463 2189 sorte
483 2160 523 2189 ct
551 2150 641 2190 aliis
670 2148 850 2190 Graecu}
846 2151 908 2200 is,
943 2151 1014 2204 qui
1044 2166 1094 2191 ex
1116 2152 1366 2191 telcsmatica
1387 2150 1486 2190 adeo
1507 2161 1548 2191 ct

193 2222 411 2278 astrologia
434 2222 565 2263 multa
588 2223 800 2261 intexere
791 2221 871 2262 ausi
904 2224 944 2262 su
951 2234 997 2264 nt
1029 2240 1068 2265 v.
1104 2239 1140 2264 c.
1165 2224 1213 2264 de
1242 2223 1428 2264 Palladio
1462 2232 1542 2265 etc.

192 2295 273 2334 alia
293 2304 429 2334 autem
449 2295 668 2350 allegorice
696 2310 915 2348 exponere,
949 2305 994 2334 vt
1027 2294 1148 2348 ipsius
1171 2294 1367 2337 Tzetzae
1387 2295 1541 2351 allego-

190 2368 272 2407 riae
296 2366 537 2407 Homericae
559 2368 602 2407 in
635 2367 900 2407 bibliothecis
925 2368 1166 2418 seruantur3
1200 2384 1375 2423 quarum
1398 2367 1543 2409 similia

193 2440 324 2479 multa
358 2441 399 2480 in
434 2439 700 2481 Chiliadibus
734 2440 936 2492 apposuit.
999 2440 1102 2480 Non
1129 2455 1176 2480 co
1202 2442 1326 2496 Vsque
1349 2441 1542 2481 audaciae

187 2514 282 2554 sun:
305 2515 510 2568 progressi,
544 2514 607 2554 sed
630 2514 736 2553 intra
758 2511 925 2567 Dicotyis
948 2514 1026 2553 fere
1049 2524 1088 2554 et
1115 2513 1283 2556 Daretis
1305 2523 1541 2553 commenta

192 2586 264 2626 sut]
273 2585 456 2626 stiterunt
481 2587 693 2641 scriptores
711 2585 922 2626 deterioris
945 2587 1034 2626 acui
1058 2587 1195 2637 latini,
1218 2596 1261 2627 vt
1285 2585 1539 2636 Elinandus,

188 2667 229 2697 ct
260 2657 330 2709 qui
363 2672 453 2701 eum
478 2656 694 2711 excerpsit,
729 2656 931 2699 Vincent.
972 2659 1133 2700 Bellov.
1173 2658 1338 2713 Specul.
1381 2658 1537 2699 Histor.

170 2729 262 2790 lib.
287 2727 372 2778 III,
407 2731 473 2772 62.
514 2731 610 2771 item
633 2729 849 2771 Guidode
876 2729 1089 2771 Columna
1121 2731 1164 2771 in
1202 2730 1383 2771 Historia
1420 2730 1538 2772 Tro-

187 2804 279 2843 iana
301 2817 337 2844 c:
343 2817 410 2843 rca
447 2804 549 2858 1287
585 2803 735 2858 scripta
754 2812 794 2843 et
820 2817 924 2858 1477
950 2802 1032 2843 cdi:
1038 2818 1088 2852 a;
1125 2818 1249 2858 quam
1277 2802 1305 2844 fi
1336 2804 1430 2858 quis
1451 2818 1538 2844 non

1274 2875 1535 2926 meminerit,
