1685 3093
409 130 523 176 AD
613 130 1152 174 L1=BRVM-11.
1385 147 1468 190 213

122 240 181 279 tis
205 235 387 278 Leschae
410 248 450 278 et
466 238 532 288 iis,
556 251 659 292 quae
675 236 841 276 aliunde
857 236 905 276 de
926 250 1051 289 parua
1072 233 1201 277 Iliade
1223 234 1472 290 cognoscere

129 311 265 353 licuit.
329 309 435 350 Sunt
475 312 516 350 in
551 324 599 349 eo
630 309 720 348 loca
753 308 916 362 egregia
956 316 997 346 et
1037 321 1140 361 quae
1181 306 1472 361 praestantiore

129 396 295 435 quoque
329 386 447 435 poeta
480 396 563 421 non
597 380 767 433 indigna
798 377 890 418 fint.
953 379 1075 419 Alter
1094 379 1149 420 est
1171 379 1471 435 Trsphiodorus,

127 455 247 494 cuius
278 457 364 491 'Iaza
395 459 516 494 amn
544 454 758 500 habemus,
791 452 855 491 sed
889 451 1023 492 multo
1057 452 1265 494 indoffior
1290 462 1333 493 et
1360 453 1474 507 saepe

129 526 292 578 ineptus
328 515 469 575 homo,
502 535 543 564 et
575 538 672 564 cum
704 538 752 563 eo
788 523 985 573 coluthus,
1019 525 1061 565 in
1087 523 1213 570 Ἐλέι-ης
1244 523 1399 581 ἁρπαγῇ·
1431 526 1476 566 in

131 608 306 652 Vtroque
329 609 463 637 tamen
498 597 620 638 facile
655 595 835 635 melioris
871 610 997 636 venae
1027 596 1194 651 vestigia
1229 597 1366 650 paffim
1400 596 1474 636 de-

132 668 374 721 prehendas,
409 679 524 708 tanto
543 668 720 723 gratiora
741 667 813 707 illa
837 678 878 708 et
915 668 1175 718 iucundiora,
1208 683 1293 723 quo
1323 667 1477 709 aridius

130 752 171 781 et
202 741 375 781 sterilius:
397 741 528 781 solum
545 740 618 790 est,
652 741 695 780 in
728 755 811 794 quo
832 740 950 781 flores
973 740 1034 780 illi
1067 741 1332 782 enascuntur.

189 811 400 853 Videntur
429 815 572 868 aliquo
593 823 776 865 ternpore
795 823 835 852 et
869 813 968 853 tales
992 817 1131 866 poetae
1162 814 1285 867 cyclici
1309 812 1384 854 esse
1404 828 1478 868 ap-

132 883 291 936 pellati,
324 885 395 938 qui
434 886 540 924 intra
574 884 673 924 belli
707 885 886 925 Troiani
921 885 1108 926 historias
1131 886 1167 926 se
1188 886 1477 926 continebant.

131 956 306 997 Fac‘tum
331 957 367 996 id
393 957 534 995 seriore
557 966 706 1006 aetate,
739 972 868 1011 quum
888 960 1136 1013 antiquioris
1154 958 1363 1000 doetrinae
1385 973 1476 1014 my-

130 1031 266 1070 thicae
287 1044 333 1069 ac
355 1029 540 1082 poeticae
559 1028 744 1068 auetores
766 1031 834 1070 vix
851 1032 1029 1084 amplius
1059 1032 1102 1071 in
1132 1031 1324 1072 manibus
1354 1030 1482 1072 effent

130 1103 205 1142 vlli
239 1111 395 1155 praeter
429 1101 660 1141 Homerum
681 1111 721 1140 et
742 1116 872 1143 vnum
895 1104 998 1144 sorte
1020 1103 1083 1144 vel
1107 1104 1282 1143 alterurn
1303 1117 1354 1143 ex
1376 1103 1480 1158 pris-

130 1177 189 1216 cis
211 1174 398 1230 cyclicis.
462 1173 552 1228 Qi
574 1174 762 1214 homines
792 1176 829 1216 se
850 1186 1002 1216 veteres
1023 1175 1210 1215 meliores
1244 1176 1300 1215 ita
1330 1176 1481 1217 imitari

132 1248 350 1302 putabant,
383 1245 410 1287 fi
441 1245 749 1295 exscriberent3
783 1258 823 1287 et
846 1248 1092 1288 Homericos
1128 1249 1164 1288 sc
1197 1247 1421 1298 iactabant,
1454 1247 1482 1288 fi

135 1320 368 1362 Homericis
396 1320 531 1359 verbis
550 1333 596 1358 ac
619 1320 806 1359 formulis
836 1320 973 1360 versus
991 1319 1133 1360 stolide
1155 1320 1481 1375 compingerent.

135 1393 258 1434 Certe
292 1393 333 1432 in
372 1393 450 1432 hoc
482 1406 614 1447 genus
650 1393 849 1448 scriptum
884 1392 939 1433 est
971 1391 1238 1449 Epigramma
1269 1392 1311 1433 in
1343 1396 1484 1445 poetas

132 1467 286 1512 κυκλικὲς
308 1467 488 1507 ΑΠῖῙῚΟῙ.
513 1464 600 1516 III,
630 1480 703 1519 40,
739 1482 776 1522 3

190 1537 257 1579 Ex
293 1540 370 1579 hoc
413 1552 558 1594 genere
591 1537 733 1579 infima
773 1539 853 1579 iam
893 1548 1038 1589 aetate,
1075 1537 1217 1579 infimo
1258 1539 1370 1590 loco,
1404 1540 1486 1580 fuit

133 1610 304 1661 Tzetza‚
354 1612 426 1665 qui
463 1610 804 1660 Antehomerica‚
850 1610 1072 1651 Homerica
1107 1622 1146 1650 et
1183 1609 1486 1651 Posthomerica

134 1683 314 1724 versibus
359 1682 513 1737 scripsit
553 1697 696 1735 parum
732 1681 880 1731 doctis,
931 1696 1106 1736 quorum
1147 1683 1426 1738 fragmentum
1463 1698 1487 1724 e

136 1755 245 1796 Cod.
281 1754 526 1810 Augustano
547 1753 794 1807 descriptum
831 1769 854 1792 a
888 1753 1171 1809 Tryllitschio
1208 1755 1290 1795 iam
1328 1755 1485 1796 dudum

134 1829 242 1881 apud
263 1844 326 1868 me
347 1827 402 1868 est
423 1828 531 1867 notis
553 1837 594 1866 et
628 1826 986 1867 emendationibus
1016 1827 1261 1868 instructum
1295 1842 1340 1867 ac
1374 1829 1486 1883 typis

134 1912 349 1956 paratum3
396 1898 612 1953 sepositum
654 1908 792 1938 tamen
832 1914 854 1938 a
899 1913 962 1938 me
1003 1913 1048 1938 ea
1088 1899 1134 1939 de
1177 1899 1327 1950 caussa,
1374 1901 1485 1954 quod

136 1974 407 2024 Mortonum,
441 1972 498 2012 V.
534 1972 604 2013 Cl.
643 1973 867 2013 editionem
901 1986 1044 2011 eorum
1076 1987 1097 2011 e
1129 1972 1313 2026 pleniore
1343 1972 1488 2013 codice

137 2045 391 2088 Londinensi
420 2059 558 2098 parare
591 2046 830 2085 nuntiatum
865 2054 965 2084 crat.
1029 2043 1106 2084 Sed
1144 2045 1177 2085 is
1209 2043 1382 2085 Tzetza
1403 2044 1486 2084 sto-

131 2119 242 2160 lidae
275 2118 493 2158 iacstantiae
521 2118 661 2169 homo,
694 2134 778 2158 non
814 2129 915 2167 tam,
948 2117 1059 2171 quod
1089 2115 1337 2158 Dodwellus
1355 2132 1488 2173 augu-

140 2192 324 2241 rabatur,
357 2202 510 2231 veteres
543 2192 744 2246 cyclicos,
778 2205 901 2246 quam
933 2189 1111 2229 misellos
1149 2189 1285 2242 potius
1327 2186 1486 2229 Gram-

140 2265 313 2305 maticos
343 2274 382 2303 et
415 2265 722 2316 compilatores,
756 2264 826 2317 qui
850 2276 943 2302 eum
965 2260 1275 2310 antecesserant,
1307 2260 1489 2314 exscrip-

140 2335 205 2386 fit,
237 2350 313 2375 nec
341 2334 392 2375 sic
419 2345 555 2376 tamen
588 2336 880 2391 negligendus,
914 2335 1064 2389 quippe
1085 2348 1133 2373 ex
1157 2347 1258 2386 quo,
1291 2332 1333 2372 in
1373 2341 1488 2372 tanta

141 2407 360 2448 meliorum
399 2407 644 2459 scriptorum
681 2406 852 2455 iustum,
886 2405 1034 2454 multa,
1069 2405 1277 2458 quomodo
1313 2419 1335 2443 a
1368 2404 1488 2458 supe·-

142 2480 319 2520 rioribus
342 2479 490 2518 tradita
512 2478 682 2527 fuerint,
717 2477 896 2530 intelligi
920 2477 1080 2529 possint,
1112 2476 1235 2516 modo
1265 2477 1360 2531 quis
1396 2476 1491 2518 satis

142 2566 292 2607 magna
313 2550 499 2591 doctrina
520 2548 738 2590 i1istru6²cus
761 2548 824 2589 fit.
1442 2537 1446 2541 .

202 2622 318 2664 Inter
361 2638 447 2672 eos,
495 2623 566 2675 qui
605 2621 789 2675 prosaico
826 2621 1007 2661 sermone
1047 2620 1206 2662 bellum
1248 2620 1491 2663 Troianum

143 2695 288 2737 seriore
310 2704 438 2735 aetate
466 2693 757 2744 condiderunt,
791 2694 825 2733 is
857 2694 927 2748 qui
953 2693 1109 2747 Diffiyis
1132 2694 1317 2750 Cretenfis
1337 2709 1490 2736 nomen

145 2768 342 2820 mentitus
381 2767 454 2819 est,
487 2782 610 2822 quem
652 2767 783 2809 adhuc
821 2765 997 2806 latinum
1048 2766 1262 2817 hamum,
1295 2781 1377 2808 non
1421 2768 1490 2808 in-

749 2837 779 2878 P
814 2853 838 2894 3
1350 2838 1494 2880 doetus
