1685 3093
235 163 291 206 50
408 139 742 199 DISQV.11.
807 138 898 183 DE
940 136 1097 181 RER.
1131 135 1208 179 IN
1249 133 1410 178 AEN.

242 255 359 298 nulla
394 268 444 293 ex
474 253 537 292 his
561 245 826 304 persequendi
862 243 1119 290 commodior
1154 242 1291 292 locus,
1339 239 1508 296 quando
1537 239 1588 281 de

242 327 412 382 singulis
436 335 590 378 agetur.
639 320 708 362 Est
730 320 840 360 enim
863 317 982 358 nobis
1004 317 1081 356 hoc
1105 316 1293 370 inprimis
1315 312 1589 370 propositum,

243 412 288 442 vt
326 398 507 453 vestigia,
550 397 671 434 etiam
701 393 888 442 obscura,
935 390 1082 430 veteris
1112 386 1302 428 historiae
1342 387 1589 436 scrutemur,

243 473 396 528 quibus
423 468 603 511 institiss'e
620 468 773 521 vbique
795 474 915 521 poeta
931 463 1056 505 videri
1080 452 1220 516 potest}
1271 460 1366 501 Nec
1386 461 1498 500 enim
1520 459 1592 499 ille

244 545 365 587 facile
399 544 478 584 line
509 542 673 582 auctore
705 541 908 595 loquitur.
973 535 1105 578 Simul
1145 532 1419 575 adolescentes
1449 545 1591 572 exem-

245 618 362 672 plum
399 626 557 655 mature
589 615 735 655 habere
771 613 983 666 cupimus,
1015 623 1109 649 narn
1143 606 1369 661 praeceptis
1400 605 1501 645 haee
1530 618 1593 646 res

246 704 331 730 non
364 688 485 728 facile
516 687 695 742 expediri
721 685 866 740 potest,
900 699 984 739 quo
1011 680 1200 730 consilio,
1233 693 1316 733 qua
1336 678 1513 728 ratione,
1545 691 1595 718 ac

244 776 328 817 quo
350 759 483 800 studio
505 760 546 799 in
570 758 873 799 narrationibus
894 755 1090 811 mythicis
1107 751 1349 794 versandum
1361 749 1424 792 fit.
1466 748 1596 791 Nihil

244 835 357 875 enim
379 833 489 873 aliud
512 847 628 888 agere
650 831 771 880 velle,
791 844 915 883 quam
938 827 1183 882 cognoscere
1205 838 1251 865 ac
1268 836 1460 878 quaerere
1483 835 1528 862 ac
1550 821 1596 864 in

246 921 375 948 vnum
386 906 526 946 locum
537 917 773 960 congerere,
786 901 887 956 quid
898 902 964 941 hic
977 900 1038 940 vel
1052 899 1121 939 ilie
1131 907 1171 937 et
1183 896 1360 937 sexcenti
1376 895 1597 936 aliieadem

249 981 290 1022 in
313 995 353 1019 re
375 977 634 1025 tradiderint,
665 973 916 1021 censuerint,
941 971 1254 1020 somniauerint,
1275 970 1355 1010 hoc
1379 968 1453 1018 est,
1474 980 1600 1022 opera

246 1065 288 1094 et
310 1053 395 1092 otio
417 1051 548 1091 abuti.
611 1048 774 1088 Contra
808 1045 1001 1085 vtilitatis
1034 1044 1096 1084 illi
1132 1043 1265 1084 studio
1297 1052 1338 1082 et
1374 1041 1597 1083 honestatis

247 1124 348 1166 inest
373 1123 616 1180 plurimum,
650 1119 677 1160 fi
710 1118 833 1159 modo
863 1126 1016 1158 veteres
1048 1116 1232 1158 historias
1263 1115 1600 1170 populorumque

247 1197 448 1253 origines,
480 1195 604 1235 modo
638 1192 864 1246 priscorum
896 1191 1118 1232 hominum
1147 1204 1277 1230 mores
1307 1203 1354 1229 ac
1381 1189 1511 1230 vitam
1532 1187 1598 1228 vel

249 1271 476 1311 sermonem
498 1267 561 1308 vel
587 1266 825 1321 religiones,
859 1264 981 1304 modo
1004 1274 1215 1318 poetarum
1237 1263 1407 1303 inuenta
1429 1260 1524 1302 inde
1546 1260 1600 1302 il-

247 1342 408 1393 lustres,
443 1339 704 1394 addiscasque
737 1352 841 1392 quae
874 1336 956 1387 illi,
990 1351 1094 1391 quos
1124 1337 1244 1377 nobis
1267 1336 1438 1376 fortuna
1459 1335 1596 1374 serua-

252 1417 331 1466 uit,
363 1431 413 1455 cx
442 1412 748 1467 antiquioribus
778 1411 910 1465 poetis
934 1419 1029 1450 ante
1054 1409 1199 1449 oculos
1221 1408 1461 1457 habuerint,
1490 1421 1600 1462 quo-

252 1489 374 1530 modo
408 1488 479 1528 illa
508 1486 779 1534 variauerint‚
809 1483 1069 1532 ornauerint,
1091 1482 1190 1536 quid
1216 1483 1258 1522 in
1280 1495 1446 1536 quaque
1467 1494 1526 1530 re,
1557 1481 1601 1520 in

255 1576 421 1617 quoque
443 1559 630 1609 consilio,
662 1557 772 1612 quod
806 1557 1088 1612 sequerentur,
1123 1555 1429 1608 specstauerint3
1473 1562 1604 1607 vtque

252 1636 300 1675 ab
324 1634 515 1689 ingenuis
538 1641 750 1687 poetarum
774 1629 924 1669 fabulis
956 1630 1094 1682 inepta
1124 1627 1196 1668 illa
1217 1627 1604 1683 grammaticorum,

251 1707 550 1748 monachorum
576 1714 617 1744 et
648 1705 921 1757 interpretum
943 1710 1181 1742 commenta
1201 1700 1422 1756 diligenter
1447 1699 1600 1740 discer-

256 1795 342 1821 nas.
407 1778 484 1819 Sed
507 1791 620 1818 nunc
642 1775 828 1817 vniuerse
851 1774 1072 1824 nonnulla,
1106 1789 1210 1829 quae
1238 1773 1286 1814 ad
1310 1772 1495 1813 fabulam
1517 1773 1605 1813 Ae-

255 1852 387 1893 neidis
411 1851 610 1904 spenstant,
643 1848 877 1890 summatim
899 1861 1103 1902 exponere
1124 1845 1343 1888 confilium
1359 1854 1460 1886 erat.

314 1922 442 1977 Quod
465 1937 534 1977 per
556 1921 878 1976 praedststionum
897 1921 1087 1977 ambages
1103 1931 1217 1961 totus
1236 1918 1434 1961 Aeneidis
1456 1917 1604 1958 decur-

256 1997 321 2037 sus
344 1995 652 2049 praecipitatur,
685 1993 792 2034 inter
821 1993 1125 2050 ingeniosissimi
1158 2003 1299 2048 poetae
1330 1993 1501 2033 inuenta
1523 1991 1605 2032 iarn

255 2068 338 2108 alio
360 2067 454 2106 loco
476 2075 737 2105 numeratum
759 2065 828 2106 est.
891 2065 963 2107 Est
983 2075 1120 2107 tamen
1143 2067 1267 2106 etiam
1287 2066 1367 2106 hoc
1389 2077 1605 2104 commen-

256 2151 347 2180 tum
376 2139 472 2189 tale,
504 2148 549 2177 vt
580 2152 663 2177 rem
689 2153 773 2178 non
800 2138 1064 2195 excogitasse,
1097 2139 1159 2179 scd
1182 2138 1398 2179 commode
1424 2136 1607 2177 oblatam

260 2213 457 2265 sapienter
494 2211 538 2251 in
576 2211 668 2250 vsus
710 2210 801 2251 suos
842 2210 1086 2252 conuertiffe
1126 2211 1325 2251 dicendus
1364 2209 1427 2251 fit.
1489 2207 1610 2249 Miro

255 2286 365 2325 enim
389 2284 577 2324 omnium
601 2283 844 2336 scriptorum
867 2284 1062 2324 consensu
1085 2293 1171 2323 tota
1192 2283 1240 2323 de
1261 2285 1404 2324 Aenea
1426 2281 1607 2322 narratio

258 2374 328 2413 per
349 2359 562 2407 vaticinia,
585 2358 767 2408 oracula,
794 2357 966 2407 somnia,
995 2357 1166 2412 auguria
1186 2366 1226 2396 et
1246 2357 1386 2396 omina
1406 2355 1606 2410 exigitur,

257 2432 337 2474 siue
358 2433 437 2472 hoc
465 2422 695 2485 portarum,
728 2445 750 2469 a
778 2430 930 2483 quibus
958 2430 1008 2470 ab
1040 2430 1162 2470 initio
1192 2430 1274 2470 fuit
1305 2428 1494 2477 traetata,
1527 2426 1610 2467 siue

258 2506 528 2558 antiquorum
556 2504 792 2552 hominum,
825 2517 848 2542 a
878 2502 1030 2556 quibus
1063 2502 1208 2556 posteri
1229 2516 1319 2542 eam
1340 2511 1608 2555 acceperunt,

261 2578 437 2631 ingeniis
459 2576 725 2616 tribuendum
752 2574 822 2615 est.
887 2574 1065 2614 Troiani
1090 2576 1180 2615 sane
1201 2589 1224 2615 a
1245 2573 1441 2630 Phrygia,
1474 2589 1608 2629 augu-

259 2650 415 2689 riorum
446 2650 701 2702 omninc-que
730 2647 985 2687 vaticinandi
1016 2662 1062 2687 ac
1085 2647 1303 2687 diuinandi
1324 2647 1476 2686 artium
1499 2643 1609 2700 quasi

258 2730 386 2760 matre
422 2735 468 2760 ac
507 2720 612 2770 sede,
647 2721 804 2775 digressi
837 2720 989 2760 multas
1019 2720 1144 2759 huius
1177 2719 1338 2774 generis
1370 2718 1531 2759 fabulas
1564 2719 1608 2758 in

259 2789 480 2832 Graeciam
511 2801 551 2832 et
581 2790 748 2831 Italiam
777 2802 991 2846 apportare
1023 2792 1270 2833 debuerunt.
1331 2789 1468 2834 Fuisse
1490 2790 1607 2840 adeo,

653 2863 676 2904 8
1533 2863 1607 2918 qui
