1685 3093
305 150 702 195 TRACTAT.
744 149 1281 195 INVENTIONE.
1414 161 1463 206 51

121 257 194 312 qui
216 256 478 312 disciplinam
497 257 737 313 auguralem
771 272 793 297 e
814 256 994 313 Phrygia
1025 257 1068 297 in
1103 255 1266 296 Italiam
1299 254 1467 294 allatam

119 329 343 380 traderent,
373 345 395 371 e
427 331 571 371 Seruio
593 330 639 370 ad
663 330 736 371 lib.
761 328 846 370 ΙΙΙ.
882 344 961 385 359
983 329 1110 370 discas
1130 348 1142 379 3
1175 328 1248 368 nisi
1272 328 1466 383 Tyrrhe-

118 414 196 442 nos
226 403 307 443 iam
337 412 432 443 ante
459 417 525 444 eas
547 414 650 444 artes
671 400 842 459 tenuisse
863 401 1112 442 credendum
1132 400 1202 441 est.
1265 399 1466 454 Etfihom-

119 476 223 516 nino
243 489 342 531 gens
373 476 506 530 prisco
531 487 712 530 tempore
743 476 824 515 fuit
844 475 980 523 nulla,
1014 489 1116 529 quae
1138 489 1223 514 non
1246 471 1468 528 significari

120 548 277 598 futura,
299 559 340 589 et
361 564 382 588 a
404 549 647 604 quibusdam
670 548 850 603 intelligi
875 548 1135 601 praedicique
1159 545 1262 601 poffe
1286 547 1468 586 censeret

125 619 245 674 (Cic.
269 619 317 662 de
340 620 491 663 Diuin.
516 620 550 661 I.
576 619 661 675 pr.)
697 618 895 673 Inprimis
928 631 1023 658 vero
1056 621 1098 659 in
1121 619 1371 659 deducendis
1395 632 1468 657 co-

121 692 246 735 loniis
268 695 426 735 summa
441 693 703 735 oraculorum
720 692 1098 745 vaticiniorurnque
1114 694 1335 733 auitmitas
1356 701 1469 740 erat;

122 765 234 820 quod
259 766 352 824 satis
382 766 446 807 vel
469 780 519 806 ex
547 779 630 804 vno
662 763 874 804 Herodoto
896 764 1066 804 constat.
1133 763 1227 818 (Cf.
1254 764 1348 805 Cic.
1375 764 1402 803 l'.
1427 778 1468 804 c.

122 853 160 879 c.
180 838 210 878 l.
231 838 286 892 f.)
330 853 332 855 ·
351 840 417 880 Ad
440 838 547 879 sedes
569 839 708 891 itaque
729 835 931 876 Troianis
954 837 995 876 in
1019 834 1142 876 Italia
1163 835 1470 875 constituendas

121 911 303 952 oraculis
335 921 375 952 et
406 912 615 953 vaticiniis
648 909 752 950 nihil
785 909 911 950 videri
934 909 1077 949 debuit
1099 908 1469 949 accommodatius.

121 981 251 1026 Poeta
271 996 378 1025 certe
399 985 559 1039 egregie
580 985 686 1024 hanc
708 993 886 1023 veterem
919 981 1241 1035 superstitionem
1273 981 1340 1021 seu
1370 979 1471 1020 reli-

122 1058 289 1114 gionem
323 1056 379 1097 est
414 1057 648 1109 amplexus,
681 1056 966 1108 maiorumque
997 1056 1105 1095 fama
1134 1064 1176 1094 et
1210 1053 1472 1094 historiarum

120 1129 201 1171 fide
222 1130 266 1170 in
287 1128 489 1169 Troianis
512 1127 592 1169 suis
613 1143 660 1168 eo
682 1127 775 1168 vsus
797 1128 868 1177 est,
915 1138 960 1168 vt
994 1143 1063 1182 per
1099 1128 1280 1168 fatorum
1311 1127 1473 1167 decreta

124 1217 173 1244 ac
193 1202 364 1243 deorum
389 1202 670 1241 interuentum
701 1202 841 1241 omnia
862 1201 911 1241 ab
933 1215 982 1241 eo
1003 1210 1165 1240 narrata
1187 1199 1473 1252 procederent.

124 1275 292 1318 Callide
313 1285 450 1316 autem
471 1275 521 1315 ab
542 1275 726 1316 obscuris
748 1285 787 1316 et
809 1276 976 1316 incertis
999 1275 1048 1315 ad
1065 1275 1240 1315 certiora
1263 1271 1477 1326 magisque

123 1348 293 1390 definita
319 1346 547 1404 progressus
568 1347 747 1387 discendi
771 1346 1042 1400 cupiditatem
1067 1345 1236 1387 subinde
1257 1345 1379 1386 nouis
1402 1344 1473 1384 sti-

123 1423 251 1464 mulis
294 1422 493 1463 incendit.
556 1420 746 1462 Primum
786 1420 859 1460 lib.
903 1417 966 1470 II,
1018 1420 1098 1462 281
1139 1419 1228 1474 sqq.
1282 1417 1476 1458 Hefi’mris

123 1497 266 1537 vmbra
300 1497 466 1537 Aeneae
500 1509 570 1549 per
604 1495 792 1536 somnum
825 1492 963 1533 suadet
996 1494 1154 1547 fugam,
1192 1506 1399 1545 muamque
1433 1490 1476 1529 in

124 1569 207 1610 alia
227 1579 351 1617 terra,
374 1567 485 1608 vltra
504 1582 626 1617 mare,
650 1566 762 1621 quod
785 1558 997 1606 Troadem
1020 1566 1158 1614 alluit,
1177 1564 1354 1604 colmiam
1377 1575 1475 1615 pro-

125 1641 273 1683 rnittit.
336 1639 446 1685 Bffox
468 1640 714 1692 auspicium,
739 1640 920 1692 primurn
942 1639 1130 1678 flammae
1153 1639 1195 1676 in
1218 1635 1300 1675 Iuli
1324 1635 1478 1687 capite,

127 1714 191 1767 II,
226 1715 325 1765 681,
367 1723 458 1753 turn
490 1712 621 1752 exorti
647 1711 781 1752 subito
803 1711 970 1751 mercori
1007 1724 1046 1750 v.
1071 1711 1153 1765 692
1185 1718 1395 1761 receptum
1427 1705 1478 1746 ad

125 1787 223 1829 Idae
255 1787 418 1827 munita
452 1785 545 1824 loca
579 1793 619 1823 et
644 1785 750 1840 spem
774 1784 1009 1840 posteritatis
1039 1798 1083 1822 ex
1115 1781 1196 1822 Iulo
1227 1779 1477 1828 ostendunt3

127 1876 204 1904 nec
232 1874 316 1900 non
350 1857 505 1899 Creusa
538 1856 768 1914 Hesperiam
803 1855 931 1897 sedem
966 1856 1150 1895 futuram
1187 1852 1479 1905 interpretatur

125 1947 167 1976 v.
191 1934 269 1990 781
297 1932 387 1986 sqq.
423 1930 513 1985 (vbi
537 1929 711 1970 Excurs.
730 1926 970 1979 videndus.)
999 1925 1048 1966 In
1071 1925 1183 1967 Delo
1206 1924 1358 1965 Phoebi
1383 1939 1476 1964 ora—-

127 2007 274 2048 culum
295 2005 375 2045 alia
396 2003 444 2044 de
465 2018 510 2043 ea
530 2013 636 2042 terra
657 2001 854 2049 declarat,
880 2001 978 2055 qued
998 2000 1084 2040 inde
1107 1999 1273 2040 Troiani
1293 1999 1479 2052 originem

127 2081 286 2130 ducant,
309 2089 344 2119 et
364 2077 463 2132 qued
480 2077 535 2117 ibi
554 2088 732 2130 magnum
755 2074 958 2129 imperium
979 2073 1313 2128 corstitutztrismt
1333 2072 1480 2112 Ama-ze

123 2154 265 2211 posteri
287 2149 372 2201 III,
395 2165 450 2206 94
472 2149 560 2203 sqq.
609 2163 714 2203 quae
741 2163 836 2189 cum
866 2149 908 2188 in
933 2146 1060 2188 Creta
1080 2145 1285 2186 considere
1306 2144 1480 2194 vellent,

130 2225 304 2268 Penates
327 2238 395 2278 per
426 2217 613 2263 somnum
635 2224 799 2263 Aeneae
831 2222 960 2262 oblati
996 2220 1042 2259 de
1077 2217 1197 2258 Italia
1228 2217 1483 2257 manifestius

128 2308 361 2353 exponunt,
396 2312 434 2336 v.
465 2297 543 2353 163
565 2296 654 2350 sqq.
691 2295 776 2349 post
808 2310 913 2350 quae
944 2294 1015 2334 iila
1037 2292 1142 2332 recPtc
1163 2292 1212 2331 ab
1236 2293 1378 2332 Aenea
1400 2289 1483 2330 dici

126 2367 518 2427 >potuerur1tllb.1,
553 2370 648 2426 380.
675 2370 764 2423 sqq.
829 2368 988 2410 Italiam
1020 2380 1158 2420 qzsaero
1190 2362 1363 2417 patriam
1398 2372 1480 2401 etc.

127 2436 282 2487 Vnum
303 2443 461 2498 aliquid
483 2439 688 2482 adiiciunt
710 2439 917 2495 Harpyiae
950 2438 997 2478 de
1029 2435 1194 2477 comesis
1226 2436 1313 2488 post
1342 2436 1484 2487 epulas

131 2517 297 2566 mensis,
340 2527 552 2569 tamquam
586 2513 749 2553 futurae
784 2513 885 2553 sedis
929 2525 974 2551 ac
1010 2509 1198 2550 coloniae
1230 2507 1360 2563 signo,
1395 2505 1482 2557 ΙΙΙ,

133 2605 218 2647 254
238 2592 328 2646 sqq.
392 2587 588 2628 Tandem
612 2584 796 2626 Helen-„22
833 2586 876 2624 in
915 2582 1045 2636 Epiro
1073 2595 1217 2621 omncs
1253 2581 1366 2620 casus
1401 2582 1483 2620 iam

134 2661 344 2703 manifeste
378 2674 426 2699 ac
459 2659 566 2698 clare
601 2659 776 2711 exponit
808 2655 894 2703 III,
946 2672 1025 2709 γα
1059 2658 1148 2708 sqq.
1193 2654 1315 2693 etium
1347 2655 1392 2692 <ie
1417 2654 1485 2692 suc

135 2732 288 2776 XXX.
331 2730 534 2788 porcellos
567 2731 706 2780 enixa,
740 2730 819 2770 alia
853 2743 875 2769 a
912 2726 1071 2784 Sibylla
1107 2725 1375 2780 cxspectanda
1409 2724 1486 2766 effe

126 2817 290 2850 monet.
354 2803 404 2847 In
429 2805 573 2846 Sicilia
602 2818 674 2858 per
694 2805 885 2847 somnum
908 2802 1118 2843 Anchisae
1147 2800 1284 2842 anima
1319 2797 1488 2839 des-*tn-

769 2874 804 2916 Ε
839 2890 863 2918 2
1408 2870 1498 2910 sum
