1685 3093
252 131 307 174 92
526 112 573 154 Ρ.
598 109 823 152 V1R01L11
855 104 1088 148 MAR0N1s
1121 106 1315 149 AENEIS.

245 218 369 273 Qos
391 217 496 257 inter
516 214 675 256 medius
697 212 811 252 venit
833 211 961 250 furor.
1024 209 1095 250 ille
1117 208 1339 254 Sichaeum

243 290 393 344 Inpius
415 297 509 328 ante
531 300 636 335 aras,
668 293 793 337 atque
815 283 902 322 auri
926 295 1072 323 caecus
1094 296 1247 334 amore,

245 362 371 404 Clam
394 362 500 402 ferro
522 360 739 399 incautum
762 356 938 410 superat,
971 355 1136 395 securus
1156 371 1343 398 amorum

244 435 483 478 Germanae
506 447 514 471 :
551 430 790 483 fae‘lumque
812 429 882 468 diu
905 428 1073 478 celavit,
1104 438 1145 468 et
1167 442 1346 483 aegram,

244 506 391 548 Multa
412 505 545 545 malus
567 501 781 552 simulanS,
812 516 920 542 vana
943 502 1008 555 spe
1030 500 1124 541 lufit
1145 512 1367 544 amantem.

245 579 337 634 Ipsa
360 579 423 619 sed
447 579 491 618 in
515 576 666 617 somnis
692 575 897 615 inhumati
921 574 1033 614 venit
1055 575 1194 630 imago

243 652 473 708 Conjugis,
505 664 576 690 ora
596 648 730 689 modis
751 645 955 687 adtollens
979 645 1131 699 pallida
1153 646 1294 687 miris:

244 723 441 765 Crudelis
463 736 568 772 aras,
602 720 854 776 trajefitaque
880 718 1044 772 pchora
1066 720 1172 760 ferro

241 797 434 838 Nudavit
452 814 464 846 3
496 807 750 847 caecumque
771 792 917 832 domus
940 791 1070 831 scelus
1090 806 1213 831 omne
1233 793 1398 833 retexit.

241 869 367 910 Tum
388 869 562 909 celerare
586 867 727 921 fugam
750 865 964 918 patriaque
985 863 1180 904 excedere
1201 863 1356 914 suadet,

242 942 552 995 Auxiliumque
573 940 662 978 viae
685 947 840 978 veteres
863 937 1011 977 tellure
1033 937 1211 978 recludit

240 1015 499 1063 Thesauros,
531 1013 723 1066 ignotum
743 1010 902 1064 argenti
926 1010 1087 1063 pondus
1109 1020 1150 1050 et
1172 1010 1274 1050 auri.

237 1088 317 1128 His
337 1095 533 1127 conmota
553 1085 695 1138 fugam
717 1080 833 1123 Dido
857 1081 1069 1135 sociosque
1092 1082 1275 1135 parabat.

242 1159 536 1208 Conveniunt,
569 1156 722 1211 quibus
743 1163 816 1194 aut
835 1155 976 1195 odium
998 1154 1162 1195 crudele
1183 1156 1368 1210 tyranni,

242 1233 334 1274 Aut
356 1242 491 1272 metus
513 1244 604 1270 acer
624 1238 734 1269 erat:
770 1227 904 1278 navis,
928 1242 1032 1282 quae
1056 1228 1160 1268 forte
1183 1237 1363 1281 paratae,

244 1305 521 1358 Conripiunt,
553 1311 812 1355 onerantque
834 1315 947 1340 auro.
1011 1310 1228 1354 portantur
1250 1301 1360 1341 avari

240 1377 531 1434 Pygmalionis
552 1390 650 1430 opes
672 1374 831 1430 pelago.
895 1373 980 1414 dux
1002 1374 1158 1415 femina
1179 1373 1292 1413 faeti.

238 1448 458 1491 Devenere
481 1448 615 1498 locos,
648 1448 719 1487 ubi
742 1461 856 1487 nunc
879 1447 1065 1503 ingentia
1087 1461 1227 1488 cernes

241 1521 434 1572 Moenia,
467 1522 783 1577 surgentemque
805 1533 936 1560 novae
958 1518 1230 1573 Carthaginis
1249 1533 1384 1560 arcem
1403 1533 1415 1562 ε

239 1595 508 1649 Mercatique
531 1595 681 1645 solum,
714 1594 811 1634 faeti
834 1594 882 1633 de
905 1592 1071 1631 nomine
1094 1589 1283 1646 Byrsam,

242 1667 438 1709 Taurino
459 1678 662 1721 quantum
686 1667 842 1720 possent
862 1663 1118 1707 circumdare
1140 1673 1271 1719 tergo.

242 1740 322 1782 Sed
343 1756 416 1781 vos
437 1741 507 1794 qui
532 1741 715 1791 tandem,
745 1740 899 1794 quibus
919 1736 1139 1778 advenistis
1162 1738 1212 1777 ab
1235 1738 1336 1789 oris,

242 1813 394 1868 Qove
418 1815 565 1854 tenetis
589 1813 693 1854 iter?
727 1812 942 1867 quaerenti
965 1809 1119 1850 talibus
1140 1808 1212 1848 ille

243 1887 479 1942 Suspirans,
513 1887 680 1940 imoque
702 1887 866 1925 trahens
888 1899 910 1925 a
931 1882 1092 1938 peetore
1113 1895 1279 1923 vocem:

245 1960 289 2002 O
312 1960 401 2009 dea,
434 1957 460 1999 fi
483 1959 615 2012 prima
635 1968 822 2012 repetens
845 1958 894 1998 ab
917 1956 1077 2010 origine
1099 1969 1283 2010 pergam,

243 2034 301 2076 Et
320 2043 439 2074 vacet
459 2032 619 2072 annalis
642 2030 873 2071 nostrorum
894 2029 1032 2070 audire
1054 2027 1244 2067 laborum
1263 2046 1276 2077 3

245 2108 356 2149 Ante
378 2106 485 2147 diem
505 2104 643 2146 clauso
666 2113 877 2158 conponat
898 2101 1055 2157 Vesper
1078 2098 1282 2157 Olympo.

1433 107 1532 152 Lib.
1560 125 1598 154 1.

1517 372 1600 416 350

1516 734 1596 779 355

1513 1081 1593 1138 360

1513 1448 1594 1504 365

1510 1823 1594 1869 370
