1685 3093
358 104 475 148 AD
565 104 955 151 LIBRVM
1044 110 1129 153 111.
1327 119 1404 174 301

55 212 304 268 Pergamum
336 221 548 252 enumerat
583 209 694 252 Plin.
730 211 792 264 II,
831 227 895 257 12.
921 228 989 258 20.
1053 217 1179 272 Qod
1210 219 1253 259 in
1276 218 1408 262 Creta

55 285 245 340 pestilens
266 297 399 325 annus
422 284 674 339 superuenit,
707 285 918 341 ingeniose
939 293 1060 343 poe'ta
1077 305 1128 331 ex
1153 291 1209 332 iis
1224 293 1405 345 effinxit,-

54 371 159 412 quae
181 355 403 397 Idomeneo
435 371 458 397 a
480 356 614 397 Troia
634 358 774 399 reduci
795 360 987 413 eueniffe,
1020 378 1209 418 quaeque
1231 363 1408 407 Cretam

53 428 103 468 de
141 427 320 481 pristinis
357 428 508 482 opibus
545 430 729 472 deiecisse
764 444 1063 486 memorantur,
1114 452 1154 478 v.
1198 436 1401 479 Herodot.

56 498 166 550 VH,
202 506 296 555 171.
330 500 488 541 Eodem
508 501 658 543 alludit
679 502 831 560 Di&ys
849 505 934 557 VI,
962 522 1031 559 11,
1062 510 1184 550 cuius
1206 509 1406 566 figmenta

52 587 145 613 raro
167 575 415 628 antiquioris
431 575 610 617 alicuius
632 577 795 619 fabulae
817 578 880 619 vel
902 579 1156 623 au&0ritatis
1180 583 1311 624 fundo
1330 584 1402 626 dez-

55 644 199 686 stituta
219 647 512 699 deprehendas.

113 716 229 757 Sedis
264 719 307 758 in
340 717 467 761 Creta
501 729 683 762 tentatae
705 721 886 778 Dionys.
911 722 951 775 I,
981 737 1048 779 50-
1077 740 1159 766 non
1191 727 1400 781 meminit,

54 792 120 833 sed
150 791 218 834 vbi
250 791 299 831 de
331 792 444 835 Delo
474 806 789 846 memorauerat,
821 797 993 848 Deinde,
1025 798 1181 852 inquit,
1213 801 1255 842 in
1282 803 1403 846 aliam

53 865 219 922 insulam
238 865 419 920 Cythera,
435 882 531 921 quae
542 879 631 910 ante
640 869 932 926 Peloponnesum
945 870 1096 926 qststta,
1106 884 1295 915 venerunt
1307 886 1404 917 tem*

49 939 232 996 plumque
254 938 395 982 Veneri
415 942 676 984 condiderunt.
727 942 822 984 Hoc
838 957 934 984 cum
951 944 1000 984 ad
1023 945 1188 986 Aeneae
1209 949 1405 1000 pietatem

51 1022 139 1053 tam
159 1013 519 1055 adcommodatum
539 1014 652 1067 esset,
685 1015 946 1070 Venerisque
966 1019 1140 1059 omnino
1165 1035 1288 1074 opera
1316 1032 1403 1063 tam

53 1086 249 1140 frequens
282 1086 325 1126 in
361 1087 546 1128 Aeneide
579 1087 642 1139 fit,
675 1103 698 1129 a
732 1087 922 1143 Virgilio
953 1091 1209 1146 neglecfftum,
1240 1093 1404 1135 mireris

52 1159 185 1200 fortes
238 1157 334 1200 Nec
369 1160 492 1200 facile
523 1161 714 1216 ignorare
733 1161 985 1205 do&iffimus
1015 1169 1133 1218 poeta
1165 1166 1205 1206 id
1241 1167 1398 1221 potuit,

53 1232 117 1274 sed
138 1232 380 1272 derelistum
403 1233 453 1272 ab
475 1233 562 1286 ipso
582 1234 762 1288 suspicor
784 1245 1012 1290 propterea,
1045 1239 1264 1292 quoniam,
1301 1254 1399 1281 cum

52 1304 226 1347 similem
254 1305 336 1345 fere
356 1305 603 1360 religionem
629 1321 727 1348 mox
751 1308 802 1348 ad
822 1309 996 1350 Aetium
1014 1321 1099 1351 erat
1119 1321 1402 1364 enarraturus,

51 1379 235 1420 taedium
255 1377 436 1433 effugere
457 1378 608 1419 voluit.

108 1451 240 1507 QOd
272 1449 469 1507 Cytheris
499 1453 697 1493 nonnulli
729 1453 985 1506 tribuerunt,
1018 1455 1058 1495 id
1092 1455 1160 1496 alii
1183 1456 1231 1496 ad
1262 1458 1403 1498 conti-

51 1533 219 1565 nentem
242 1522 485 1563 transtulisse
499 1524 707 1566 videntur.
769 1525 884 1567 Nam
900 1540 950 1569 ex
971 1528 1137 1569 aduerso
1158 1529 1330 1580 insulae,
1351 1530 1403 1571 ad

51 1597 152 1638 litus
187 1591 459 1647 Laconicae,
493 1597 537 1637 in
576 1597 665 1639 sinu
698 1597 912 1651 Boeatieo,
955 1601 1024 1641 vbi
1065 1601 1177 1641 circa
1215 1599 1404 1643 Maleam

54 1672 234 1722 flexeris,
277 1671 450 1711 fuerunt
485 1670 710 1725 aliquando
745 1670 848 1710 duae
883 1674 1022 1723 vrbes,
1061 1687 1159 1714 mox
1191 1674 1234 1714 in
1269 1673 1403 1715 Boeas

51 1744 267 1795 colleffle,
306 1744 406 1786 Etia
434 1744 505 1784 ·vel
546 1744 679 1794 Etias,
711 1753 754 1783 et
789 1743 1061 1800 Aphrodssa53
1094 1755 1309 1799 Vtramque
1349 1746 1403 1787 ab

54 1819 197 1860 Aenea
217 1819 428 1859 conditam
461 1819 569 1858 fama
606 1818 777 1868 ferebat,
809 1835 891 1859 cum
923 1819 986 1859 ille
1007 1819 1047 1859 in
1070 1818 1228 1859 Italiam
1237 1821 1402 1875 fugeret

50 1902 88 1933 et
107 1893 149 1934 in
169 1891 268 1932 hunc
276 1891 406 1948 finum
427 1890 784 1947 tempestatefuiſji’t
805 1890 967 1931 delatus.
1037 1890 1208 1930 Nomen
1240 1890 1356 1931 alteri
1379 1905 1403 1932 a

53 1964 238 2017 Venere,
269 1966 435 2005 Aeneae
463 1974 608 2013 matre,
640 1963 757 2003 alteri
784 1964 832 2004 ab
861 1963 979 2004 Etide
1006 1963 1071 2005 vel
1088 1962 1231 2005 Etiade
1252 1962 1401 2005 Aeneae

55 2038 155 2081 filia.
219 2055 258 2080 v.
283 2033 456 2079 Pausan.
483 2035 571 2087 III,
605 2049 676 2086 22,
709 2044 815 2076 extr.

109 2112 178 2153 Ad
212 2112 351 2152 eadem
387 2110 479 2151 loca
510 2110 770 2150 referendum
807 2109 987 2160 videtur,
1020 2108 1130 2163 quod
1155 2107 1335 2164 Dionys.
1359 2107 1400 2160 I,

54 2200 122 2243 50.
160 2185 373 2226 Troianos
409 2200 431 2225 a
466 2183 664 2240 Cytheris
695 2184 900 2225 soluentes
928 2184 969 2222 in
1010 2180 1281 2236 Peloponnesi
1303 2195 1399 2235 pro-

51 2260 263 2300 montorio
280 2257 447 2299 amisisse
470 2258 727 2299 Cinaethum
748 2265 902 2306 narrat,
935 2270 957 2296 a
979 2270 1063 2310 quo
1081 2254 1185 2295 illud
1216 2254 1398 2307 appella·-

53 2341 143 2371 tum
167 2331 427 2372 Cinaethium.
491 2329 670 2371 Videtur
692 2331 730 2371 id
753 2330 844 2379 effe,
877 2328 987 2383 quod
1021 2327 1192 2367 Pausan.
1217 2324 1303 2376 III,
1327 2339 1397 2368 22.

53 2406 97 2446 in
120 2406 261 2446 eodem
284 2405 372 2446 sinu
395 2404 592 2445 Boeatico
614 2403 701 2457 post
723 2401 1078 2448 promontorium,
1111 2398 1226 2439 Asini
1248 2397 1399 2438 maxil-

55 2477 154 2529 lam,
178 2477 303 2518 tradit
324 2477 468 2518 Cinadi
490 2487 765 2518 monumentum
783 2496 794 2526 ·‚
811 2475 888 2516 ''Es-t
904 2473 933 2510 δὲ
951 2473 1006 2511 καὶ
1027 2476 1140 2521 μνῆμα
1160 2470 1301 2515 stdse,
1332 2469 1400 2512 '⁵⁹3⁵'

52 2555 111 2595 ’τῖς
130 2554 285 2590 Memmia
303 2553 360 2588 καὶ
379 2550 453 2593 ἕπε
478 2548 666 2601 κυὲεςιῆτπς
681 2548 729 2591 ἓν.
786 2546 978 2589 Variauit
995 2550 1091 2589 etin
1111 2549 1190 2588 hoc
1208 2547 1360 2588 fabula.

114 2627 213 2667 Alia
235 2627 315 2667 fuit
335 2626 476 2666 fabula
498 2623 546 2664 de
569 2625 732 2664 Aeneae
754 2623 799 2662 ad
832 2621 1051 2662 Arcadiam
1069 2619 1225 2662 accessu
1248 2630 1289 2660 et
1306 2620 1400 2662 An·-

55 2698 189 2739 chisae
218 2699 258 2738 in
283 2698 331 2739 iis
352 2698 457 2739 locis
485 2697 709 2750 sepultura.
773 2695 906 2737 Fuisse
936 2694 1091 2736 scilicet
1111 2694 1293 2748 aliquem
1316 2692 1403 2734 sus-

53 2771 168 2823 picor
190 2776 369 2825 poetam,
403 2772 475 2826 qui
514 2772 613 2811 haec
637 2771 693 2810 ita
715 2768 969 2819 trastaucrit,
1003 2779 1072 2808 aut
1096 2767 1261 2820 famam,
1295 2781 1402 2821 quae

622 2858 647 2898 9
1348 2839 1403 2878 ita
