<?xml version="1.0" encoding="UTF-8"?>
<!DOCTYPE html PUBLIC "-//W3C//DTD XHTML 1.0 Transitional//EN"
    "http://www.w3.org/TR/xhtml1/DTD/xhtml1-transitional.dtd">
<html xmlns="http://www.w3.org/1999/xhtml" xml:lang="en" lang="en">
 <head>
  <title>
</title>
<meta http-equiv="Content-Type" content="text/html;charset=utf-8" />
  <meta name='ocr-system' content='tesseract 3.04.00' />
  <meta name='ocr-capabilities' content='ocr_page ocr_carea ocr_par ocr_line ocrx_word'/>
</head>
<body>
  <div class='ocr_page' id='page_1' title='image "./worksofvirgilinl02virg_0232.png"; bbox 0 0 1685 3093; ppageno 0'>
   <div class='ocr_carea' id='block_1_1' title="bbox 265 126 1302 183">
    <p class='ocr_par' dir='ltr' id='par_1_1' title="bbox 265 126 1302 183">
     <span class='ocr_line' id='line_1_1' title="bbox 265 126 1302 183; baseline -0.003 -9"><span class='ocrx_word' id='word_1_1' title='bbox 265 144 349 183; x_wconf 77' lang='lat'>220</span> <span class='ocrx_word' id='word_1_2' title='bbox 580 126 1302 174; x_wconf 79' lang='lat' dir='ltr'>Excv-Rsvs</span> 
     </span>
    </p>
   </div>
   <div class='ocr_carea' id='block_1_2' title="bbox 266 230 1621 1601">
    <p class='ocr_par' dir='ltr' id='par_1_2' title="bbox 266 230 1616 1080">
     <span class='ocr_line' id='line_1_2' title="bbox 266 230 1612 296; baseline -0.004 -12"><span class='ocrx_word' id='word_1_3' title='bbox 266 241 512 296; x_wconf 81' lang='lat' dir='ltr'>designatur,</span> <span class='ocrx_word' id='word_1_4' title='bbox 560 234 668 290; x_wconf 89' lang='lat' dir='ltr'>quod</span> <span class='ocrx_word' id='word_1_5' title='bbox 704 232 885 289; x_wconf 82' lang='lat' dir='ltr'>lyricum</span> <span class='ocrx_word' id='word_1_6' title='bbox 921 230 1037 272; x_wconf 79' lang='lat' dir='ltr'>fuiss‘e</span> <span class='ocrx_word' id='word_1_7' title='bbox 1067 232 1246 283; x_wconf 84' lang='lat' dir='ltr'>videtur,</span> <span class='ocrx_word' id='word_1_8' title='bbox 1299 232 1370 274; x_wconf 90' lang='lat' dir='ltr'>sub</span> <span class='ocrx_word' id='word_1_9' title='bbox 1401 232 1612 279; x_wconf 56' lang='lat' dir='ltr'>Himeraea*</span> 
     </span>
     <span class='ocr_line' id='line_1_3' title="bbox 269 303 1607 359; baseline -0.006 -4"><span class='ocrx_word' id='word_1_10' title='bbox 269 313 466 359; x_wconf 52' lang='lat' dir='ltr'>nomine,</span> <span class='ocrx_word' id='word_1_11' title='bbox 513 316 596 347; x_wconf 85' lang='lat' dir='ltr'>erat</span> <span class='ocrx_word' id='word_1_12' title='bbox 629 314 766 345; x_wconf 89' lang='lat' dir='ltr'>autem</span> <span class='ocrx_word' id='word_1_13' title='bbox 795 303 1016 345; x_wconf 78' lang='lat' dir='ltr'>Stefichori</span> <span class='ocrx_word' id='word_1_14' title='bbox 1049 305 1179 358; x_wconf 84' lang='lat' dir='ltr'>patria</span> <span class='ocrx_word' id='word_1_15' title='bbox 1209 305 1379 347; x_wconf 87' lang='lat' dir='ltr'>Himera</span> <span class='ocrx_word' id='word_1_16' title='bbox 1411 305 1607 358; x_wconf 82' lang='lat' dir='ltr'>Siciliae3</span> 
     </span>
     <span class='ocr_line' id='line_1_4' title="bbox 268 377 1610 437; baseline -0.001 -14"><span class='ocrx_word' id='word_1_17' title='bbox 268 386 447 437; x_wconf 82' lang='lat' dir='ltr'>adeoque</span> <span class='ocrx_word' id='word_1_18' title='bbox 468 380 573 420; x_wconf 86' lang='lat' dir='ltr'>male</span> <span class='ocrx_word' id='word_1_19' title='bbox 601 379 696 419; x_wconf 88' lang='lat' dir='ltr'>inde</span> <span class='ocrx_word' id='word_1_20' title='bbox 715 393 873 419; x_wconf 90' lang='lat' dir='ltr'>nouum</span> <span class='ocrx_word' id='word_1_21' title='bbox 896 377 1106 418; x_wconf 62' lang='lat' dir='ltr'>auctorem</span> <span class='ocrx_word' id='word_1_22' title='bbox 1133 378 1328 419; x_wconf 87' lang='lat' dir='ltr'>nonnulli</span> <span class='ocrx_word' id='word_1_23' title='bbox 1346 380 1610 421; x_wconf 83' lang='lat' dir='ltr'>effinxerunt.</span> 
     </span>
     <span class='ocr_line' id='line_1_5' title="bbox 268 450 1609 504; baseline -0.004 -8"><span class='ocrx_word' id='word_1_24' title='bbox 268 458 407 500; x_wconf 85' lang='lat' dir='ltr'>Etiam</span> <span class='ocrx_word' id='word_1_25' title='bbox 440 455 483 494; x_wconf 90' lang='lat' dir='ltr'>in</span> <span class='ocrx_word' id='word_1_26' title='bbox 511 451 639 492; x_wconf 87' lang='lat' dir='ltr'>Iliaca</span> <span class='ocrx_word' id='word_1_27' title='bbox 660 451 833 492; x_wconf 84' lang='lat' dir='ltr'>Tabula</span> <span class='ocrx_word' id='word_1_28' title='bbox 859 452 966 492; x_wconf 88' lang='lat' dir='ltr'>inter</span> <span class='ocrx_word' id='word_1_29' title='bbox 994 450 1198 500; x_wconf 64' lang='lat' dir='ltr'>auetores,</span> <span class='ocrx_word' id='word_1_30' title='bbox 1229 465 1250 489; x_wconf 91' lang='lat' dir='ltr'>e</span> <span class='ocrx_word' id='word_1_31' title='bbox 1278 451 1430 504; x_wconf 89' lang='lat' dir='ltr'>quibus</span> <span class='ocrx_word' id='word_1_32' title='bbox 1458 452 1609 492; x_wconf 83' lang='lat' dir='ltr'>artifex</span> 
     </span>
     <span class='ocr_line' id='line_1_6' title="bbox 268 522 1614 579; baseline -0.01 -9"><span class='ocrx_word' id='word_1_33' title='bbox 268 529 440 573; x_wconf 77' lang='lat' dir='ltr'>Iliadem.</span> <span class='ocrx_word' id='word_1_34' title='bbox 470 525 694 579; x_wconf 75' lang='lat' dir='ltr'>suppleuit,</span> <span class='ocrx_word' id='word_1_35' title='bbox 727 522 809 561; x_wconf 51' lang='lat'>&#39;122⁸</span> <span class='ocrx_word' id='word_1_36' title='bbox 824 528 935 576; x_wconf 72' lang='grc' dir='ltr'><strong><em>πέςσις</em></strong></span> <span class='ocrx_word' id='word_1_37' title='bbox 954 523 1047 561; x_wconf 72' lang='grc' dir='ltr'>κατὰ</span> <span class='ocrx_word' id='word_1_38' title='bbox 1063 524 1264 572; x_wconf 70' lang='grc' dir='ltr'>Στησῖχοςον</span> <span class='ocrx_word' id='word_1_39' title='bbox 1281 523 1446 578; x_wconf 76' lang='lat' dir='ltr'>legitur,</span> <span class='ocrx_word' id='word_1_40' title='bbox 1510 524 1614 565; x_wconf 68' lang='lat' dir='ltr'>Alia</span> 
     </span>
     <span class='ocr_line' id='line_1_7' title="bbox 267 594 1613 651; baseline -0.003 -11"><span class='ocrx_word' id='word_1_41' title='bbox 267 602 350 642; x_wconf 62' lang='lat' dir='ltr'>&#39;nie</span> <span class='ocrx_word' id='word_1_42' title='bbox 370 605 479 651; x_wconf 68' lang='grc' dir='ltr'><strong><em>πέςσις</em></strong></span> <span class='ocrx_word' id='word_1_43' title='bbox 513 599 618 638; x_wconf 88' lang='lat' dir='ltr'>inter</span> <span class='ocrx_word' id='word_1_44' title='bbox 650 607 804 638; x_wconf 87' lang='lat' dir='ltr'>veteres</span> <span class='ocrx_word' id='word_1_45' title='bbox 841 596 944 636; x_wconf 62' lang='lat' dir='ltr'>lecta</span> <span class='ocrx_word' id='word_1_46' title='bbox 973 596 1070 646; x_wconf 79' lang='lat' dir='ltr'>fuit,</span> <span class='ocrx_word' id='word_1_47' title='bbox 1118 611 1140 636; x_wconf 91' lang='lat' dir='ltr'>a</span> <span class='ocrx_word' id='word_1_48' title='bbox 1177 594 1397 636; x_wconf 83' lang='lat' dir='ltr'>Stesichori</span> <span class='ocrx_word' id='word_1_49' title='bbox 1429 598 1613 637; x_wconf 84' lang='lat' dir='ltr'>carmine</span> 
     </span>
     <span class='ocr_line' id='line_1_8' title="bbox 267 668 1613 726; baseline -0.006 -9"><span class='ocrx_word' id='word_1_50' title='bbox 267 675 441 724; x_wconf 77' lang='lat' dir='ltr'>diuersa,</span> <span class='ocrx_word' id='word_1_51' title='bbox 484 671 595 726; x_wconf 91' lang='lat' dir='ltr'>quod</span> <span class='ocrx_word' id='word_1_52' title='bbox 628 671 692 711; x_wconf 90' lang='lat' dir='ltr'>vel</span> <span class='ocrx_word' id='word_1_53' title='bbox 731 685 781 710; x_wconf 86' lang='lat' dir='ltr'>ex</span> <span class='ocrx_word' id='word_1_54' title='bbox 816 668 1014 709; x_wconf 81' lang='lat' dir='ltr'>Pausania</span> <span class='ocrx_word' id='word_1_55' title='bbox 1047 668 1108 720; x_wconf 91' lang='lat' dir='ltr'>X,</span> <span class='ocrx_word' id='word_1_56' title='bbox 1131 668 1222 723; x_wconf 41' lang='lat'>⁷25.</span> <span class='ocrx_word' id='word_1_57' title='bbox 1257 669 1325 711; x_wconf 86' lang='lat'>26.</span> <span class='ocrx_word' id='word_1_58' title='bbox 1364 678 1492 722; x_wconf 85' lang='lat' dir='ltr'>patet,</span> <span class='ocrx_word' id='word_1_59' title='bbox 1537 670 1613 724; x_wconf 83' lang='lat' dir='ltr'>qui</span> 
     </span>
     <span class='ocr_line' id='line_1_9' title="bbox 270 739 1616 801; baseline -0.007 -11"><span class='ocrx_word' id='word_1_60' title='bbox 270 758 485 801; x_wconf 70' lang='lat' dir='ltr'>Vtramque</span> <span class='ocrx_word' id='word_1_61' title='bbox 517 745 691 786; x_wconf 88' lang='lat' dir='ltr'>seorsum</span> <span class='ocrx_word' id='word_1_62' title='bbox 719 751 934 783; x_wconf 84' lang='lat' dir='ltr'>memorat.</span> <span class='ocrx_word' id='word_1_63' title='bbox 969 741 1032 782; x_wconf 80' lang='lat' dir='ltr'>sed</span> <span class='ocrx_word' id='word_1_64' title='bbox 1064 741 1096 782; x_wconf 85' lang='lat' dir='ltr'>is</span> <span class='ocrx_word' id='word_1_65' title='bbox 1121 750 1164 782; x_wconf 92' lang='lat' dir='ltr'>vt</span> <span class='ocrx_word' id='word_1_66' title='bbox 1185 740 1355 780; x_wconf 86' lang='lat' dir='ltr'>alteram</span> <span class='ocrx_word' id='word_1_67' title='bbox 1381 739 1616 782; x_wconf 84' lang='lat' dir='ltr'>Stefichoro</span> 
     </span>
     <span class='ocr_line' id='line_1_10' title="bbox 271 813 1615 873; baseline -0.008 -10"><span class='ocrx_word' id='word_1_68' title='bbox 271 819 490 873; x_wconf 81' lang='lat' dir='ltr'>relinquit,</span> <span class='ocrx_word' id='word_1_69' title='bbox 528 818 585 858; x_wconf 83' lang='lat' dir='ltr'>ita</span> <span class='ocrx_word' id='word_1_70' title='bbox 630 817 798 856; x_wconf 82' lang='lat' dir='ltr'>alteram</span> <span class='ocrx_word' id='word_1_71' title='bbox 842 832 881 869; x_wconf 89' lang='lat' dir='ltr'>p.</span> <span class='ocrx_word' id='word_1_72' title='bbox 907 815 1003 858; x_wconf 86' lang='lat'>861.</span> <span class='ocrx_word' id='word_1_73' title='bbox 1028 813 1213 855; x_wconf 87' lang='lat' dir='ltr'>Lescheo</span> <span class='ocrx_word' id='word_1_74' title='bbox 1251 813 1419 863; x_wconf 83' lang='lat' dir='ltr'>tribuit,</span> <span class='ocrx_word' id='word_1_75' title='bbox 1450 814 1518 854; x_wconf 90' lang='lat' dir='ltr'>cui</span> <span class='ocrx_word' id='word_1_76' title='bbox 1548 814 1615 854; x_wconf 89' lang='lat' dir='ltr'>vi-</span> 
     </span>
     <span class='ocr_line' id='line_1_11' title="bbox 272 887 1615 941; baseline -0.006 -7"><span class='ocrx_word' id='word_1_77' title='bbox 272 894 397 935; x_wconf 84' lang='lat' dir='ltr'>cissim</span> <span class='ocrx_word' id='word_1_78' title='bbox 420 889 590 930; x_wconf 80' lang='lat' dir='ltr'>Iliadem</span> <span class='ocrx_word' id='word_1_79' title='bbox 622 902 791 941; x_wconf 86' lang='lat' dir='ltr'>paruam</span> <span class='ocrx_word' id='word_1_80' title='bbox 825 887 1031 927; x_wconf 83' lang='lat' dir='ltr'>detrahere</span> <span class='ocrx_word' id='word_1_81' title='bbox 1062 888 1250 937; x_wconf 84' lang='lat' dir='ltr'>videtur3</span> <span class='ocrx_word' id='word_1_82' title='bbox 1283 897 1326 927; x_wconf 89' lang='lat' dir='ltr'>vt</span> <span class='ocrx_word' id='word_1_83' title='bbox 1358 887 1473 937; x_wconf 83' lang='lat' dir='ltr'>adeo,</span> <span class='ocrx_word' id='word_1_84' title='bbox 1507 901 1615 941; x_wconf 88' lang='lat' dir='ltr'>quo-</span> 
     </span>
     <span class='ocr_line' id='line_1_12' title="bbox 272 959 1615 1014; baseline -0.007 -6"><span class='ocrx_word' id='word_1_85' title='bbox 272 967 346 1008; x_wconf 87' lang='lat' dir='ltr'>ties</span> <span class='ocrx_word' id='word_1_86' title='bbox 378 961 595 1005; x_wconf 81' lang='lat' dir='ltr'>Pausanias</span> <span class='ocrx_word' id='word_1_87' title='bbox 626 959 856 1001; x_wconf 84' lang='lat' dir='ltr'>Lescheum</span> <span class='ocrx_word' id='word_1_88' title='bbox 879 960 1036 1011; x_wconf 87' lang='lat' dir='ltr'>laudat,</span> <span class='ocrx_word' id='word_1_89' title='bbox 1068 960 1116 1000; x_wconf 89' lang='lat' dir='ltr'>de</span> <span class='ocrx_word' id='word_1_90' title='bbox 1138 959 1220 997; x_wconf 71' lang='grc' dir='ltr'>Ἰλῖε</span> <span class='ocrx_word' id='word_1_91' title='bbox 1240 964 1348 1013; x_wconf 61' lang='grc' dir='ltr'>πέρσει</span> <span class='ocrx_word' id='word_1_92' title='bbox 1372 959 1615 1014; x_wconf 81' lang='lat' dir='ltr'>intelligen-</span> 
     </span>
     <span class='ocr_line' id='line_1_13' title="bbox 271 1035 459 1080; baseline -0.027 0"><span class='ocrx_word' id='word_1_93' title='bbox 271 1039 370 1080; x_wconf 91' lang='lat' dir='ltr'>dum</span> <span class='ocrx_word' id='word_1_94' title='bbox 396 1035 459 1077; x_wconf 85' lang='lat' dir='ltr'>fit.</span> 
     </span>
    </p>

    <p class='ocr_par' dir='ltr' id='par_1_3' title="bbox 272 1105 1621 1601">
     <span class='ocr_line' id='line_1_14' title="bbox 329 1105 1616 1163; baseline -0.005 -12"><span class='ocrx_word' id='word_1_95' title='bbox 329 1109 444 1152; x_wconf 91' lang='lat' dir='ltr'>Cum</span> <span class='ocrx_word' id='word_1_96' title='bbox 463 1108 568 1163; x_wconf 87' lang='lat' dir='ltr'>apud</span> <span class='ocrx_word' id='word_1_97' title='bbox 600 1106 772 1148; x_wconf 87' lang='lat' dir='ltr'>Aristot.</span> <span class='ocrx_word' id='word_1_98' title='bbox 797 1106 844 1147; x_wconf 85' lang='lat' dir='ltr'>de</span> <span class='ocrx_word' id='word_1_99' title='bbox 862 1106 978 1148; x_wconf 88' lang='lat' dir='ltr'>Poet.</span> <span class='ocrx_word' id='word_1_100' title='bbox 1004 1121 1042 1148; x_wconf 90' lang='lat' dir='ltr'>c.</span> <span class='ocrx_word' id='word_1_101' title='bbox 1067 1121 1135 1163; x_wconf 82' lang='lat'>23.</span> <span class='ocrx_word' id='word_1_102' title='bbox 1156 1105 1241 1142; x_wconf 56' lang='lat'>&#39;122³</span> <span class='ocrx_word' id='word_1_103' title='bbox 1262 1108 1373 1156; x_wconf 61' lang='grc' dir='ltr'>πίξσις</span> <span class='ocrx_word' id='word_1_104' title='bbox 1394 1107 1501 1146; x_wconf 80' lang='lat' dir='ltr'>inter</span> <span class='ocrx_word' id='word_1_105' title='bbox 1522 1119 1616 1159; x_wconf 88' lang='lat' dir='ltr'>par-</span> 
     </span>
     <span class='ocr_line' id='line_1_15' title="bbox 272 1177 1619 1234; baseline -0.004 -10"><span class='ocrx_word' id='word_1_106' title='bbox 272 1193 331 1225; x_wconf 87' lang='lat' dir='ltr'>tes</span> <span class='ocrx_word' id='word_1_107' title='bbox 359 1181 500 1222; x_wconf 86' lang='lat' dir='ltr'>Iliadis</span> <span class='ocrx_word' id='word_1_108' title='bbox 531 1194 679 1234; x_wconf 83' lang='lat' dir='ltr'>paruae</span> <span class='ocrx_word' id='word_1_109' title='bbox 706 1188 970 1228; x_wconf 81' lang='lat' dir='ltr'>memoretur,</span> <span class='ocrx_word' id='word_1_110' title='bbox 1004 1178 1183 1232; x_wconf 88' lang='lat' dir='ltr'>suspicor</span> <span class='ocrx_word' id='word_1_111' title='bbox 1211 1177 1290 1219; x_wconf 78' lang='lat' dir='ltr'>siue</span> <span class='ocrx_word' id='word_1_112' title='bbox 1322 1190 1477 1232; x_wconf 86' lang='lat' dir='ltr'>partem</span> <span class='ocrx_word' id='word_1_113' title='bbox 1508 1180 1619 1219; x_wconf 86' lang='lat' dir='ltr'>hanc</span> 
     </span>
     <span class='ocr_line' id='line_1_16' title="bbox 273 1249 1619 1305; baseline -0.006 -7"><span class='ocrx_word' id='word_1_114' title='bbox 273 1255 450 1299; x_wconf 85' lang='lat' dir='ltr'>seorsum</span> <span class='ocrx_word' id='word_1_115' title='bbox 485 1253 686 1302; x_wconf 84' lang='lat' dir='ltr'>habitam,</span> <span class='ocrx_word' id='word_1_116' title='bbox 738 1262 937 1304; x_wconf 86' lang='lat' dir='ltr'>tanquam</span> <span class='ocrx_word' id='word_1_117' title='bbox 971 1249 1214 1305; x_wconf 75' lang='lat' dir='ltr'>singularem</span> <span class='ocrx_word' id='word_1_118' title='bbox 1244 1251 1452 1301; x_wconf 86' lang='lat' dir='ltr'>libellum,</span> <span class='ocrx_word' id='word_1_119' title='bbox 1498 1251 1619 1296; x_wconf 78' lang='lat' dir='ltr'>cuius</span> 
     </span>
     <span class='ocr_line' id='line_1_17' title="bbox 273 1322 1620 1378; baseline -0.003 -10"><span class='ocrx_word' id='word_1_120' title='bbox 273 1327 417 1368; x_wconf 66' lang='lat' dir='ltr'>auctor</span> <span class='ocrx_word' id='word_1_121' title='bbox 446 1339 521 1366; x_wconf 89' lang='lat' dir='ltr'>nec</span> <span class='ocrx_word' id='word_1_122' title='bbox 553 1324 747 1364; x_wconf 84' lang='lat' dir='ltr'>omnibus</span> <span class='ocrx_word' id='word_1_123' title='bbox 777 1322 871 1363; x_wconf 83' lang='lat' dir='ltr'>esset</span> <span class='ocrx_word' id='word_1_124' title='bbox 903 1332 1047 1374; x_wconf 80' lang='lat' dir='ltr'>notus,</span> <span class='ocrx_word' id='word_1_125' title='bbox 1088 1322 1167 1363; x_wconf 80' lang='lat' dir='ltr'>siue</span> <span class='ocrx_word' id='word_1_126' title='bbox 1199 1325 1365 1363; x_wconf 87' lang='lat' dir='ltr'>nomine</span> <span class='ocrx_word' id='word_1_127' title='bbox 1401 1324 1620 1378; x_wconf 87' lang='lat' dir='ltr'>deceptum</span> 
     </span>
     <span class='ocr_line' id='line_1_18' title="bbox 276 1397 1621 1451; baseline -0.007 -10"><span class='ocrx_word' id='word_1_128' title='bbox 276 1399 392 1442; x_wconf 80' lang='lat' dir='ltr'>fuisse</span> <span class='ocrx_word' id='word_1_129' title='bbox 429 1398 689 1447; x_wconf 83' lang='lat' dir='ltr'>Pausaniam,</span> <span class='ocrx_word' id='word_1_130' title='bbox 736 1397 807 1451; x_wconf 88' lang='lat' dir='ltr'>qui</span> <span class='ocrx_word' id='word_1_131' title='bbox 837 1411 961 1436; x_wconf 87' lang='lat' dir='ltr'>vnam</span> <span class='ocrx_word' id='word_1_132' title='bbox 997 1406 1161 1437; x_wconf 85' lang='lat' dir='ltr'>tantum</span> <span class='ocrx_word' id='word_1_133' title='bbox 1191 1399 1276 1432; x_wconf 47' lang='lat'>’175⁸</span> <span class='ocrx_word' id='word_1_134' title='bbox 1306 1401 1417 1447; x_wconf 66' lang='lat' dir='ltr'>m‘gcn</span> <span class='ocrx_word' id='word_1_135' title='bbox 1448 1397 1621 1448; x_wconf 71' lang='lat' dir='ltr'>viderat,</span> 
     </span>
     <span class='ocr_line' id='line_1_19' title="bbox 275 1468 1620 1514; baseline -0.001 -1"><span class='ocrx_word' id='word_1_136' title='bbox 275 1482 320 1514; x_wconf 89' lang='lat' dir='ltr'>vt</span> <span class='ocrx_word' id='word_1_137' title='bbox 347 1471 396 1512; x_wconf 90' lang='lat' dir='ltr'>ad</span> <span class='ocrx_word' id='word_1_138' title='bbox 425 1468 653 1511; x_wconf 89' lang='lat' dir='ltr'>Lescheum</span> <span class='ocrx_word' id='word_1_139' title='bbox 689 1468 866 1508; x_wconf 87' lang='lat' dir='ltr'>alterum</span> <span class='ocrx_word' id='word_1_140' title='bbox 896 1468 1021 1507; x_wconf 78' lang='lat' dir='ltr'>ctiam</span> <span class='ocrx_word' id='word_1_141' title='bbox 1051 1483 1216 1509; x_wconf 89' lang='lat' dir='ltr'>carmen</span> <span class='ocrx_word' id='word_1_142' title='bbox 1259 1470 1337 1511; x_wconf 91' lang='lat' dir='ltr'>hoe</span> <span class='ocrx_word' id='word_1_143' title='bbox 1366 1470 1491 1511; x_wconf 86' lang='lat' dir='ltr'>titulo</span> <span class='ocrx_word' id='word_1_144' title='bbox 1522 1471 1620 1512; x_wconf 90' lang='lat' dir='ltr'>vul-</span> 
     </span>
     <span class='ocr_line' id='line_1_20' title="bbox 276 1543 623 1601; baseline -0.009 -16"><span class='ocrx_word' id='word_1_145' title='bbox 276 1553 422 1601; x_wconf 88' lang='lat' dir='ltr'>gatum</span> <span class='ocrx_word' id='word_1_146' title='bbox 442 1543 623 1583; x_wconf 84' lang='lat' dir='ltr'>referret.</span> 
     </span>
    </p>
   </div>
   <div class='ocr_carea' id='block_1_3' title="bbox 278 1612 1685 2762">
    <p class='ocr_par' dir='ltr' id='par_1_4' title="bbox 278 1612 1632 2251">
     <span class='ocr_line' id='line_1_21' title="bbox 334 1612 1623 1674; baseline 0.004 -20"><span class='ocrx_word' id='word_1_147' title='bbox 334 1614 461 1670; x_wconf 90' lang='lat' dir='ltr'>Apud</span> <span class='ocrx_word' id='word_1_148' title='bbox 492 1613 643 1654; x_wconf 86' lang='lat' dir='ltr'>Euseb.</span> <span class='ocrx_word' id='word_1_149' title='bbox 672 1612 916 1670; x_wconf 87' lang='lat' dir='ltr'>Hieronymi</span> <span class='ocrx_word' id='word_1_150' title='bbox 951 1612 1217 1656; x_wconf 90' lang='lat' dir='ltr'><strong>MCCLIV.</strong></span> <span class='ocrx_word' id='word_1_151' title='bbox 1252 1615 1415 1659; x_wconf 64' lang='lat' dir='ltr'>Achino</span> <span class='ocrx_word' id='word_1_152' title='bbox 1450 1617 1623 1674; x_wconf 58' lang='lat' dir='ltr'>Milefio,</span> 
     </span>
     <span class='ocr_line' id='line_1_22' title="bbox 278 1686 1627 1747; baseline 0.001 -16"><span class='ocrx_word' id='word_1_153' title='bbox 278 1698 434 1744; x_wconf 84' lang='lat' dir='ltr'>praeter</span> <span class='ocrx_word' id='word_1_154' title='bbox 456 1686 703 1741; x_wconf 52' lang='lat' dir='ltr'>Aethiopicae,</span> <span class='ocrx_word' id='word_1_155' title='bbox 735 1686 782 1725; x_wconf 89' lang='lat' dir='ltr'>de</span> <span class='ocrx_word' id='word_1_156' title='bbox 804 1702 885 1741; x_wconf 91' lang='lat' dir='ltr'>qua</span> <span class='ocrx_word' id='word_1_157' title='bbox 903 1702 942 1726; x_wconf 87' lang='lat' dir='ltr'>v.</span> <span class='ocrx_word' id='word_1_158' title='bbox 962 1687 1137 1728; x_wconf 81' lang='lat' dir='ltr'>Excurs.</span> <span class='ocrx_word' id='word_1_159' title='bbox 1163 1689 1209 1728; x_wconf 88' lang='lat' dir='ltr'>ad</span> <span class='ocrx_word' id='word_1_160' title='bbox 1230 1688 1267 1740; x_wconf 83' lang='lat' dir='ltr'>I,</span> <span class='ocrx_word' id='word_1_161' title='bbox 1298 1692 1396 1747; x_wconf 76' lang='lat'><strong>489.</strong></span> <span class='ocrx_word' id='word_1_162' title='bbox 1427 1692 1627 1732; x_wconf 83' lang='lat' dir='ltr'>tribuitur</span> 
     </span>
     <span class='ocr_line' id='line_1_23' title="bbox 279 1759 1626 1815; baseline 0.001 -13"><span class='ocrx_word' id='word_1_163' title='bbox 279 1762 403 1805; x_wconf 79' lang='lat' dir='ltr'>Iliaca</span> <span class='ocrx_word' id='word_1_164' title='bbox 437 1759 601 1815; x_wconf 58' lang='lat' dir='ltr'>vastatio</span> <span class='ocrx_word' id='word_1_165' title='bbox 626 1759 731 1812; x_wconf 65' lang='grc' dir='ltr'>(Ἰλῖε</span> <span class='ocrx_word' id='word_1_166' title='bbox 753 1759 908 1813; x_wconf 56' lang='lat' dir='ltr'>‘aggo-⁶9).</span> <span class='ocrx_word' id='word_1_167' title='bbox 972 1759 1084 1800; x_wconf 87' lang='lat' dir='ltr'>Cum</span> <span class='ocrx_word' id='word_1_168' title='bbox 1113 1775 1234 1802; x_wconf 87' lang='lat' dir='ltr'>nemo</span> <span class='ocrx_word' id='word_1_169' title='bbox 1261 1763 1365 1804; x_wconf 80' lang='lat' dir='ltr'>alius</span> <span class='ocrx_word' id='word_1_170' title='bbox 1386 1765 1510 1806; x_wconf 80' lang='lat' dir='ltr'>huius</span> <span class='ocrx_word' id='word_1_171' title='bbox 1535 1779 1626 1805; x_wconf 88' lang='lat' dir='ltr'>car-</span> 
     </span>
     <span class='ocr_line' id='line_1_24' title="bbox 280 1832 1628 1889; baseline 0.001 -14"><span class='ocrx_word' id='word_1_172' title='bbox 280 1834 406 1876; x_wconf 84' lang='lat' dir='ltr'>minis</span> <span class='ocrx_word' id='word_1_173' title='bbox 437 1832 689 1883; x_wconf 86' lang='lat' dir='ltr'>meminerit‚</span> <span class='ocrx_word' id='word_1_174' title='bbox 735 1832 839 1873; x_wconf 87' lang='lat' dir='ltr'>leuis</span> <span class='ocrx_word' id='word_1_175' title='bbox 868 1833 1104 1886; x_wconf 84' lang='lat' dir='ltr'>interpolati</span> <span class='ocrx_word' id='word_1_176' title='bbox 1135 1832 1379 1889; x_wconf 86' lang='lat' dir='ltr'>Hieronymi</span> <span class='ocrx_word' id='word_1_177' title='bbox 1405 1835 1628 1876; x_wconf 59' lang='lat' dir='ltr'>auetoritas</span> 
     </span>
     <span class='ocr_line' id='line_1_25' title="bbox 280 1903 1628 1962; baseline 0 -14"><span class='ocrx_word' id='word_1_178' title='bbox 280 1907 357 1948; x_wconf 86' lang='lat' dir='ltr'>effe</span> <span class='ocrx_word' id='word_1_179' title='bbox 387 1907 518 1961; x_wconf 84' lang='lat' dir='ltr'>poffit,</span> <span class='ocrx_word' id='word_1_180' title='bbox 551 1920 646 1946; x_wconf 88' lang='lat' dir='ltr'>nam</span> <span class='ocrx_word' id='word_1_181' title='bbox 684 1903 764 1945; x_wconf 80' lang='lat' dir='ltr'>flue</span> <span class='ocrx_word' id='word_1_182' title='bbox 800 1921 851 1946; x_wconf 88' lang='lat' dir='ltr'>ex</span> <span class='ocrx_word' id='word_1_183' title='bbox 882 1907 1083 1962; x_wconf 80' lang='lat' dir='ltr'>margine,</span> <span class='ocrx_word' id='word_1_184' title='bbox 1118 1921 1202 1960; x_wconf 86' lang='lat' dir='ltr'>quo</span> <span class='ocrx_word' id='word_1_185' title='bbox 1235 1907 1327 1960; x_wconf 85' lang='lat' dir='ltr'>quis</span> <span class='ocrx_word' id='word_1_186' title='bbox 1362 1906 1503 1948; x_wconf 83' lang='lat' dir='ltr'>fimilis</span> <span class='ocrx_word' id='word_1_187' title='bbox 1536 1923 1628 1948; x_wconf 86' lang='lat' dir='ltr'>car-</span> 
     </span>
     <span class='ocr_line' id='line_1_26' title="bbox 282 1977 1628 2034; baseline 0 -13"><span class='ocrx_word' id='word_1_188' title='bbox 282 1981 406 2022; x_wconf 83' lang='lat' dir='ltr'>minis</span> <span class='ocrx_word' id='word_1_189' title='bbox 428 1988 513 2019; x_wconf 88' lang='lat' dir='ltr'>erat</span> <span class='ocrx_word' id='word_1_190' title='bbox 533 1978 787 2029; x_wconf 80' lang='lat' dir='ltr'>recordatus,</span> <span class='ocrx_word' id='word_1_191' title='bbox 811 1977 892 2019; x_wconf 82' lang='lat' dir='ltr'>fiue</span> <span class='ocrx_word' id='word_1_192' title='bbox 912 1994 962 2019; x_wconf 84' lang='lat' dir='ltr'>ex</span> <span class='ocrx_word' id='word_1_193' title='bbox 986 1979 1324 2031; x_wconf 85' lang='lat' dir='ltr'>interpretatione</span> <span class='ocrx_word' id='word_1_194' title='bbox 1345 1980 1628 2034; x_wconf 85' lang='lat' dir='ltr'>Aethiopidis,</span> 
     </span>
     <span class='ocr_line' id='line_1_27' title="bbox 283 2050 1630 2106; baseline 0.001 -13"><span class='ocrx_word' id='word_1_195' title='bbox 283 2050 475 2106; x_wconf 85' lang='lat' dir='ltr'>irrepfiffe</span> <span class='ocrx_word' id='word_1_196' title='bbox 506 2051 632 2091; x_wconf 78' lang='lat' dir='ltr'>videri</span> <span class='ocrx_word' id='word_1_197' title='bbox 664 2050 808 2105; x_wconf 86' lang='lat' dir='ltr'>potest.</span> <span class='ocrx_word' id='word_1_198' title='bbox 885 2051 1113 2092; x_wconf 87' lang='lat' dir='ltr'>Enimuero</span> <span class='ocrx_word' id='word_1_199' title='bbox 1148 2067 1211 2102; x_wconf 90' lang='lat' dir='ltr'>ea,</span> <span class='ocrx_word' id='word_1_200' title='bbox 1244 2067 1348 2106; x_wconf 88' lang='lat' dir='ltr'>quae</span> <span class='ocrx_word' id='word_1_201' title='bbox 1379 2067 1430 2093; x_wconf 86' lang='lat' dir='ltr'>ex</span> <span class='ocrx_word' id='word_1_202' title='bbox 1467 2052 1630 2094; x_wconf 59' lang='lat' dir='ltr'>Arfflino</span> 
     </span>
     <span class='ocr_line' id='line_1_28' title="bbox 283 2122 1632 2179; baseline 0.001 -15"><span class='ocrx_word' id='word_1_203' title='bbox 283 2124 462 2179; x_wconf 88' lang='lat' dir='ltr'>Dionys.</span> <span class='ocrx_word' id='word_1_204' title='bbox 496 2123 636 2164; x_wconf 84' lang='lat' dir='ltr'>Halic.</span> <span class='ocrx_word' id='word_1_205' title='bbox 670 2124 743 2164; x_wconf 89' lang='lat' dir='ltr'>lib.</span> <span class='ocrx_word' id='word_1_206' title='bbox 778 2122 817 2175; x_wconf 88' lang='lat' dir='ltr'>I,</span> <span class='ocrx_word' id='word_1_207' title='bbox 850 2139 888 2164; x_wconf 90' lang='lat' dir='ltr'>e.</span> <span class='ocrx_word' id='word_1_208' title='bbox 913 2125 980 2167; x_wconf 84' lang='lat'>68.</span> <span class='ocrx_word' id='word_1_209' title='bbox 1011 2135 1052 2165; x_wconf 89' lang='lat' dir='ltr'>et</span> <span class='ocrx_word' id='word_1_210' title='bbox 1086 2125 1154 2178; x_wconf 83' lang='lat'>69.</span> <span class='ocrx_word' id='word_1_211' title='bbox 1188 2123 1235 2162; x_wconf 88' lang='lat' dir='ltr'>de</span> <span class='ocrx_word' id='word_1_212' title='bbox 1263 2123 1451 2165; x_wconf 89' lang='lat' dir='ltr'>Palladio</span> <span class='ocrx_word' id='word_1_213' title='bbox 1477 2134 1632 2176; x_wconf 83' lang='lat' dir='ltr'>narrat,</span> 
     </span>
     <span class='ocr_line' id='line_1_29' title="bbox 285 2196 1584 2251; baseline -0.002 -12"><span class='ocrx_word' id='word_1_214' title='bbox 285 2198 356 2239; x_wconf 84' lang='lat' dir='ltr'>vix</span> <span class='ocrx_word' id='word_1_215' title='bbox 378 2197 561 2247; x_wconf 83' lang='lat' dir='ltr'>aliunde,</span> <span class='ocrx_word' id='word_1_216' title='bbox 595 2211 718 2251; x_wconf 91' lang='lat' dir='ltr'>quam</span> <span class='ocrx_word' id='word_1_217' title='bbox 747 2211 798 2236; x_wconf 79' lang='lat' dir='ltr'>ex</span> <span class='ocrx_word' id='word_1_218' title='bbox 830 2198 907 2237; x_wconf 88' lang='lat' dir='ltr'>hoc</span> <span class='ocrx_word' id='word_1_219' title='bbox 929 2199 1129 2246; x_wconf 87' lang='lat' dir='ltr'>carmine,</span> <span class='ocrx_word' id='word_1_220' title='bbox 1163 2197 1289 2250; x_wconf 87' lang='lat' dir='ltr'>petita</span> <span class='ocrx_word' id='word_1_221' title='bbox 1309 2196 1384 2237; x_wconf 80' lang='lat' dir='ltr'>effe</span> <span class='ocrx_word' id='word_1_222' title='bbox 1407 2197 1584 2250; x_wconf 77' lang='lat' dir='ltr'>possunt.</span> 
     </span>
    </p>

    <p class='ocr_par' dir='ltr' id='par_1_5' title="bbox 287 2269 1636 2544">
     <span class='ocr_line' id='line_1_30' title="bbox 343 2269 1636 2327; baseline -0.002 -15"><span class='ocrx_word' id='word_1_223' title='bbox 343 2271 528 2321; x_wconf 71' lang='lat' dir='ltr'>Sacadae,</span> <span class='ocrx_word' id='word_1_224' title='bbox 571 2284 674 2320; x_wconf 85' lang='lat' dir='ltr'>non,</span> <span class='ocrx_word' id='word_1_225' title='bbox 721 2279 766 2309; x_wconf 88' lang='lat' dir='ltr'>vt</span> <span class='ocrx_word' id='word_1_226' title='bbox 796 2269 925 2325; x_wconf 81' lang='lat' dir='ltr'>vulgo</span> <span class='ocrx_word' id='word_1_227' title='bbox 965 2270 1133 2325; x_wconf 83' lang='lat' dir='ltr'>legitur,</span> <span class='ocrx_word' id='word_1_228' title='bbox 1168 2269 1300 2320; x_wconf 79' lang='lat' dir='ltr'>Acati,</span> <span class='ocrx_word' id='word_1_229' title='bbox 1348 2271 1516 2327; x_wconf 82' lang='lat' dir='ltr'>Argiui,</span> <span class='ocrx_word' id='word_1_230' title='bbox 1550 2273 1636 2310; x_wconf 71' lang='grc' dir='ltr'>Ἰλὶε</span> 
     </span>
     <span class='ocr_line' id='line_1_31' title="bbox 287 2340 1635 2397; baseline 0.001 -15"><span class='ocrx_word' id='word_1_231' title='bbox 287 2347 400 2395; x_wconf 59' lang='grc' dir='ltr'>πέζα-ιν</span> <span class='ocrx_word' id='word_1_232' title='bbox 430 2358 482 2384; x_wconf 89' lang='lat' dir='ltr'>ex</span> <span class='ocrx_word' id='word_1_233' title='bbox 513 2342 732 2383; x_wconf 89' lang='lat' dir='ltr'>Athenaeo</span> <span class='ocrx_word' id='word_1_234' title='bbox 758 2340 889 2383; x_wconf 87' lang='lat' dir='ltr'><strong>XIII.</strong></span> <span class='ocrx_word' id='word_1_235' title='bbox 928 2359 968 2397; x_wconf 89' lang='lat' dir='ltr'>p.</span> <span class='ocrx_word' id='word_1_236' title='bbox 1003 2344 1101 2385; x_wconf 89' lang='lat'>610.</span> <span class='ocrx_word' id='word_1_237' title='bbox 1145 2342 1197 2383; x_wconf 92' lang='lat' dir='ltr'>C.</span> <span class='ocrx_word' id='word_1_238' title='bbox 1236 2343 1313 2397; x_wconf 90' lang='lat' dir='ltr'>(cf.</span> <span class='ocrx_word' id='word_1_239' title='bbox 1351 2341 1554 2384; x_wconf 81' lang='lat' dir='ltr'>Mauffac.</span> <span class='ocrx_word' id='word_1_240' title='bbox 1586 2344 1635 2384; x_wconf 87' lang='lat' dir='ltr'>ad</span> 
     </span>
     <span class='ocr_line' id='line_1_32' title="bbox 288 2413 1636 2469; baseline 0 -12"><span class='ocrx_word' id='word_1_241' title='bbox 288 2416 534 2469; x_wconf 84' lang='lat' dir='ltr'>Harpocrat.</span> <span class='ocrx_word' id='word_1_242' title='bbox 569 2416 611 2456; x_wconf 91' lang='lat' dir='ltr'>in</span> <span class='ocrx_word' id='word_1_243' title='bbox 642 2413 804 2468; x_wconf 77' lang='grc' dir='ltr'>καθελὼν)</span> <span class='ocrx_word' id='word_1_244' title='bbox 839 2414 1060 2456; x_wconf 83' lang='lat' dir='ltr'>laudarunt</span> <span class='ocrx_word' id='word_1_245' title='bbox 1089 2415 1170 2455; x_wconf 91' lang='lat' dir='ltr'>iam</span> <span class='ocrx_word' id='word_1_246' title='bbox 1192 2414 1279 2465; x_wconf 87' lang='lat' dir='ltr'>alii,</span> <span class='ocrx_word' id='word_1_247' title='bbox 1310 2416 1436 2456; x_wconf 86' lang='lat' dir='ltr'>etiam</span> <span class='ocrx_word' id='word_1_248' title='bbox 1459 2415 1636 2457; x_wconf 74' lang='lat' dir='ltr'>Vrsinus</span> 
     </span>
     <span class='ocr_line' id='line_1_33' title="bbox 288 2488 527 2544; baseline -0.004 -15"><span class='ocrx_word' id='word_1_249' title='bbox 288 2488 337 2529; x_wconf 89' lang='lat' dir='ltr'>ad</span> <span class='ocrx_word' id='word_1_250' title='bbox 369 2488 527 2544; x_wconf 81' lang='lat' dir='ltr'>Virgil.</span> 
     </span>
    </p>

    <p class='ocr_par' dir='ltr' id='par_1_6' title="bbox 289 2557 1685 2762">
     <span class='ocr_line' id='line_1_34' title="bbox 348 2557 1637 2615; baseline 0.002 -16"><span class='ocrx_word' id='word_1_251' title='bbox 348 2557 425 2599; x_wconf 87' lang='lat' dir='ltr'>Sed</span> <span class='ocrx_word' id='word_1_252' title='bbox 454 2560 664 2601; x_wconf 89' lang='lat' dir='ltr'>excidium</span> <span class='ocrx_word' id='word_1_253' title='bbox 684 2559 754 2600; x_wconf 92' lang='lat' dir='ltr'>Ilii</span> <span class='ocrx_word' id='word_1_254' title='bbox 783 2575 870 2601; x_wconf 87' lang='lat' dir='ltr'>non</span> <span class='ocrx_word' id='word_1_255' title='bbox 895 2561 1034 2601; x_wconf 88' lang='lat' dir='ltr'>minus</span> <span class='ocrx_word' id='word_1_256' title='bbox 1063 2559 1296 2613; x_wconf 85' lang='lat' dir='ltr'>persequuti</span> <span class='ocrx_word' id='word_1_257' title='bbox 1318 2560 1528 2611; x_wconf 81' lang='lat' dir='ltr'>videntur,</span> <span class='ocrx_word' id='word_1_258' title='bbox 1562 2562 1637 2615; x_wconf 87' lang='lat' dir='ltr'>qui</span> 
     </span>
     <span class='ocr_line' id='line_1_35' title="bbox 289 2622 1685 2688; baseline 0.002 -16"><span class='ocrx_word' id='word_1_259' title='bbox 289 2631 339 2670; x_wconf 72' lang='grc' dir='ltr'>τὰ</span> <span class='ocrx_word' id='word_1_260' title='bbox 356 2631 486 2682; x_wconf 68' lang='grc' dir='ltr'>Τρωϊκὰ</span> <span class='ocrx_word' id='word_1_261' title='bbox 521 2632 743 2673; x_wconf 82' lang='lat' dir='ltr'>condidiffe</span> <span class='ocrx_word' id='word_1_262' title='bbox 777 2643 1013 2683; x_wconf 85' lang='lat' dir='ltr'>narrantur,</span> <span class='ocrx_word' id='word_1_263' title='bbox 1061 2633 1168 2673; x_wconf 84' lang='lat' dir='ltr'>inter</span> <span class='ocrx_word' id='word_1_264' title='bbox 1202 2647 1306 2687; x_wconf 85' lang='lat' dir='ltr'>quos</span> <span class='ocrx_word' id='word_1_265' title='bbox 1336 2635 1521 2688; x_wconf 79' lang='lat' dir='ltr'>Syagrus,</span> <span class='ocrx_word' id='word_1_266' title='bbox 1564 2635 1638 2688; x_wconf 80' lang='lat' dir='ltr'>qui</span> <span class='ocrx_word' id='word_1_267' title='bbox 1684 2622 1685 2626; x_wconf 13' lang='grc' dir='ltr'><strong>Ἰ</strong></span> 
     </span>
     <span class='ocr_line' id='line_1_36' title="bbox 291 2703 1640 2762; baseline 0.002 -20"><span class='ocrx_word' id='word_1_268' title='bbox 291 2703 481 2743; x_wconf 86' lang='lat' dir='ltr'>omnium</span> <span class='ocrx_word' id='word_1_269' title='bbox 516 2705 674 2758; x_wconf 85' lang='lat' dir='ltr'>primus</span> <span class='ocrx_word' id='word_1_270' title='bbox 716 2705 797 2745; x_wconf 90' lang='lat' dir='ltr'>iam</span> <span class='ocrx_word' id='word_1_271' title='bbox 835 2715 929 2746; x_wconf 83' lang='lat' dir='ltr'>ante</span> <span class='ocrx_word' id='word_1_272' title='bbox 969 2705 1200 2747; x_wconf 87' lang='lat' dir='ltr'>Homerum</span> <span class='ocrx_word' id='word_1_273' title='bbox 1231 2715 1521 2762; x_wconf 86' lang='lat' dir='ltr'>argumentum</span> <span class='ocrx_word' id='word_1_274' title='bbox 1560 2707 1640 2746; x_wconf 92' lang='lat' dir='ltr'>hoc</span> 
     </span>
    </p>
   </div>
   <div class='ocr_carea' id='block_1_4' title="bbox 295 2773 1643 2897">
    <p class='ocr_par' dir='ltr' id='par_1_7' title="bbox 295 2773 1643 2897">
     <span class='ocr_line' id='line_1_37' title="bbox 295 2773 1642 2830; baseline 0 -14"><span class='ocrx_word' id='word_1_275' title='bbox 295 2773 476 2818; x_wconf 70' lang='lat' dir='ltr'>tractasse</span> <span class='ocrx_word' id='word_1_276' title='bbox 513 2776 737 2830; x_wconf 81' lang='lat' dir='ltr'>ferebatur,</span> <span class='ocrx_word' id='word_1_277' title='bbox 770 2778 847 2820; x_wconf 87' lang='lat' dir='ltr'>sec.</span> <span class='ocrx_word' id='word_1_278' title='bbox 889 2779 1056 2821; x_wconf 85' lang='lat' dir='ltr'>Aelian.</span> <span class='ocrx_word' id='word_1_279' title='bbox 1095 2777 1157 2819; x_wconf 91' lang='lat' dir='ltr'>V.</span> <span class='ocrx_word' id='word_1_280' title='bbox 1190 2777 1248 2819; x_wconf 90' lang='lat' dir='ltr'>H.</span> <span class='ocrx_word' id='word_1_281' title='bbox 1287 2777 1419 2828; x_wconf 86' lang='lat' dir='ltr'>XIV,</span> <span class='ocrx_word' id='word_1_282' title='bbox 1453 2791 1520 2820; x_wconf 90' lang='lat'>21.</span> <span class='ocrx_word' id='word_1_283' title='bbox 1551 2786 1642 2818; x_wconf 88' lang='lat' dir='ltr'>tum</span> 
     </span>
     <span class='ocr_line' id='line_1_38' title="bbox 1387 2849 1643 2897; baseline -0.016 -4"><span class='ocrx_word' id='word_1_284' title='bbox 1387 2849 1643 2897; x_wconf 77' lang='lat' dir='ltr'>Metrodorus</span> 
     </span>
    </p>
   </div>
  </div>
 </body>
</html>
