1685 3093
367 99 484 143 AD
573 94 962 145 LIBRVM
1050 104 1130 147 IV.
1327 111 1404 166 381

65 205 183 247 fl-itur
206 215 248 246 et
269 205 311 246 in
332 215 417 245 tam
445 205 602 246 diuersa
625 215 807 260 tempora
829 208 918 249 eius
938 209 1191 251 incunabula
1212 212 1410 254 reiiciun-

70 289 157 329 tur,
187 289 233 320 vt
261 278 326 318 vel
351 277 544 319 historico
563 279 702 319 minus
726 279 864 319 subtili
889 280 1066 322 liberum
1088 283 1222 324 fuiffet
1240 285 1407 341 eligere,

71 350 184 405 quod
206 350 385 390 maxime
407 349 518 404 sequi
535 349 672 390 vellet.
708 350 976 405 Quamquam
1006 367 1052 392 ea
1071 356 1316 396 narrationis
1336 370 1408 397 va-

67 422 190 462 rietas
213 421 334 462 facile
355 420 403 460 ad
426 430 578 460 certam
598 422 801 462 rationem
828 424 1008 463 reuocari
1037 425 1182 476 potest,
1214 426 1240 466 fi
1265 428 1410 467 memi-

67 494 180 534 neris
200 493 324 533 condi
356 493 472 533 vrbes
507 492 589 532 dici
619 508 705 533 non
736 508 819 534 vno
849 495 979 544 sensu,
1011 510 1084 536 nec
1118 498 1241 538 modo
1268 500 1410 551 primis

59 564 188 609 jacitis
220 565 518 614 fundamentis,
551 565 615 605 sed
647 574 688 605 et
708 566 923 606 moenibus
956 568 1106 618 duffls,
1133 570 1301 610 colonia
1329 586 1408 612 no-

72 652 124 678 ua
159 638 376 690 adscripta,
424 638 543 678 aucta
578 637 756 692 denique
794 647 836 678 et
875 638 1121 692 amplificata
1161 657 1411 698 quocunque

65 709 194 750 modo
233 709 419 750 ciuitate.
483 707 621 751 Certis
660 725 827 765 quoque
858 720 1088 764 temporum
1121 714 1349 755 inte-sualim
1387 730 1411 755 a

69 781 353 822 Phoenicibus
376 782 566 822 Africam
585 793 849 836 occupatam,
871 798 894 824 a
918 784 1109 825 Sallustio
1129 802 1293 841 quoque
1315 803 1410 841 pro-

69 852 225 903 ditum,
257 852 366 892 bello
396 851 492 908 Iug.
518 867 587 896 22.
648 851 819 908 Saepius
848 856 987 910 itaque
1014 858 1120 897 haud
1150 858 1273 898 dubie
1305 874 1409 900 con-

67 925 156 965 dita
174 923 231 965 est
258 923 485 979 Carthago,
515 935 558 964 et
586 924 750 979 poffunt
775 928 886 967 varie
914 928 1083 969 traditae
1113 930 1200 971 eius
1229 932 1408 986 origines

70 998 286 1038 commode
322 997 369 1037 ad
401 1008 533 1038 certas
565 998 743 1050 epochas
776 1002 975 1040 reuocari.
1038 1000 1124 1041 Iam
1154 1002 1332 1055 prim-um
1355 1001 1409 1044 L.

67 1080 168 1110 ante
190 1069 366 1110 Troiam
399 1080 562 1122 captam
582 1073 702 1112 annis
720 1070 936 1128 Carthago
956 1074 1123 1114 condita
1155 1073 1229 1114 effe
1261 1075 1413 1116 dicitur

64 1157 95 1182 ,a
117 1142 242 1183 Tzoro
262 1153 302 1181 ct
325 1143 577 1191 Cam-hedone,
598 1142 705 1195 apud
720 1143 898 1196 Appian.
917 1143 1065 1186 Punic.
1089 1160 1150 1199 pr.
1170 1147 1281 1200 quod
1304 1147 1411 1188 idem

69 1228 122 1254 ex
154 1212 328 1254 Philisto
360 1215 507 1268 repetit
538 1212 822 1269 Hieronymus
856 1215 898 1255 in
930 1215 1109 1256 Eusebio
1140 1216 1266 1258 latine
1301 1218 1411 1261 faeta

66 1285 121 1326 ad
154 1285 288 1326 Num.
324 1288 421 1341 805,
457 1287 499 1326 in
535 1286 599 1326 ed.
636 1286 789 1341 Scalig.
827 1301 867 1339 p.
900 1301 969 1342 91.
1002 1297 1043 1327 et
1074 1288 1121 1327 ad
1153 1288 1287 1331 Num.
1311 1292 1408 1346 798.

65 1359 118 1398 jn
149 1358 214 1398 ed.
251 1357 429 1398 Pontani
461 1369 501 1398 et
531 1358 709 1399 Vallars.
743 1359 785 1398 h.
823 1374 859 1398 e.
897 1369 992 1399 ante
1024 1358 1127 1400 Chr.
1167 1363 1286 1417 1198.
1340 1363 1411 1417 (ad

71 1430 223 1472 Euseb.
263 1443 507 1484 computum
544 1430 691 1486 1217.)
724 1442 765 1471 et
795 1442 889 1472 ante
919 1431 1075 1472 Troiae
1099 1434 1325 1485 excidium,
1359 1449 1411 1475 ex

70 1503 217 1544 eadem
244 1502 395 1544 Euseb.
421 1504 750 1557 computatione,
783 1518 893 1560 ²·37·
956 1502 1120 1546 Graeca
1136 1504 1306 1548 Eusebij
1329 1508 1409 1548 ser-

74 1587 171 1617 uata
214 1576 306 1616 sunt
339 1590 363 1616 a
404 1574 599 1631 Syncello
639 1591 678 1629 p.
721 1589 814 1631 172.
867 1575 931 1616 ed.
965 1574 1057 1616 Par.
1091 1576 1197 1617 vnde
1227 1575 1413 1634 Scaliger

72 1648 280 1689 transtulit
303 1648 344 1687 in
365 1644 532 1688 Graeca
558 1646 725 1687 Eusebii
761 1663 803 1702 p.
838 1662 906 1704 33.
939 1648 967 1689 l.
993 1663 1061 1706 3¹⁴
1120 1650 1241 1691 Adde
1271 1650 1409 1693 Chro-

67 1721 199 1761 nicon
221 1720 295 1760 lib.
321 1718 355 1759 I.
403 1735 443 1773 p.
482 1721 547 1762 18.
581 1728 622 1760 et
654 1736 694 1774 p.
727 1719 822 1763 126.
884 1719 1020 1762 Tzori
1046 1721 1213 1776 quidem
1240 1734 1279 1764 et
1302 1723 1407 1765 Car-

71 1793 271 1834 chcdonjs
304 1793 475 1833 nomina
510 1793 712 1846 imperite,
740 1808 793 1833 ex
823 1793 995 1847 antiquo
1025 1803 1161 1835 tamen
1195 1810 1321 1847 more,
1357 1797 1407 1837 ad

71 1866 253 1906 virorum
277 1865 469 1919 personas
500 1864 765 1921 designandas
791 1865 866 1906 effe
892 1865 1094 1917 nradwsta,
1125 1868 1175 1906 ab
1205 1868 1295 1909 aliis
1323 1868 1407 1910 Di-

71 1937 190 1977 donis
213 1950 368 1977 nomen
392 1947 539 1977 temere
571 1938 614 1977 in
646 1937 724 1977 hoc
753 1947 916 1990 tempus
945 1938 1102 1988 referri,
1134 1939 1255 1980 facile
1282 1955 1408 1995 appa-

73 2019 162 2058 ret3
206 2019 343 2050 manet
371 2019 506 2049 tamen
540 2008 662 2059 illud,
695 2009 836 2063 paullo
855 2018 947 2049 ante
975 2010 1070 2049 belii
1094 2010 1273 2053 Troiani
1301 2024 1408 2056 tern-

71 2095 174 2135 pora
201 2079 253 2121 L.
293 2081 352 2122 vel
390 2081 488 2122 adeo
520 2080 750 2123 XXXVII
786 2095 932 2131 annOS,
980 2080 1245 2137 Carthaginis
1279 2088 1411 2140 prima

72 2152 240 2194 exordia
262 2153 305 2193 in
335 2152 458 2194 veteri
492 2151 657 2193 historia
692 2153 885 2193 collocari
923 2154 1039 2194 solita
1075 2156 1202 2196 fuiffe,
1265 2160 1410 2201 Altera

74 2224 345 2280 Carthaginis
367 2225 556 2267 conditae
579 2225 734 2278 epocha
761 2224 815 2265 est
839 2224 1097 2267 CLXXIII.
1130 2243 1165 2267 a.
1190 2229 1275 2282 post
1296 2233 1406 2283 prio·-

69 2310 159 2338 rern
191 2296 323 2345 illam,
367 2296 505 2336 naullo
543 2307 637 2336 ante
677 2294 898 2337 Coloniam
937 2295 1139 2348 Ionicam,
1185 2301 1405 2344 secundum

364 2331 375 2349 ί

72 2366 236 2408 Chron.
265 2367 412 2408 Euseb.
439 2367 680 2423 Hieronymi
710 2367 757 2406 ad
780 2367 914 2408 Num.
935 2384 1032 2424 971.
1066 2381 1152 2420 aut,
1187 2374 1253 2426 (vt
1272 2376 1407 2416 verius

71 2439 179 2494 apud
223 2438 465 2494 Syncellum
507 2438 673 2494 legitur,
716 2441 789 2494 qui
830 2438 991 2481 Graeca
1024 2441 1187 2484 Euscbii
1231 2446 1407 2487 seruauit

72 2525 114 2564 p.
143 2511 216 2552 181
243 2509 305 2561 A)
341 2508 606 2551 CXXXIII.
640 2514 758 2552 annis
787 2512 874 2566 post
892 2513 1066 2554 Troiam
1088 2529 1265 2569 captain,
1298 2519 1338 2558 h.
1368 2532 1404 2558 c.

69 2596 107 2624 a.
145 2580 197 2623 C.
237 2596 356 2636 1025.
394 2582 490 2638 (sec.
527 2582 675 2625 Euseb.
716 2585 861 2638 1044.)
924 2585 1012 2627 Hac
1053 2602 1218 2643 quoque
1252 2591 1407 2642 epocha

522 2667 543 2707 7
1226 2659 1404 2702 Didonis
