1685 3093
263 136 353 183 240
381 167 393 184 ο
542 123 589 167 Ρ.
615 123 839 165 Vmoxmx
861 119 1093 164 MARONIS
1116 122 1311 165 ΑεΝΕιε.
1425 147 1426 150 =
1450 122 1548 168 Lib.
1573 141 1614 184 3.

267 231 355 273 Vix
374 245 420 271 ea
442 231 550 271 fatus
571 242 679 269 eram
700 239 709 265 ε
744 235 915 266 tremere
935 227 1076 267 omnia
1100 227 1184 267 visa
1204 235 1386 282 repente,
1559 244 1616 287 90

268 302 539 356 Liminaque‚
573 299 793 353 laurusque
817 296 930 349 Dei3
964 299 1156 354 totusque
1176 302 1330 342 moveri

264 374 395 417 Mons
417 376 593 423 circum,
625 382 666 413 et
687 370 848 427 mugire
878 369 1011 426 adytis
1034 371 1195 412 cortina
1212 372 1395 415 reclufis.

268 448 459 489 Submiffi
481 447 659 500 petimus
680 454 849 494 terram,
879 452 921 483 et
941 456 1022 484 vox
1045 443 1173 484 fertur
1193 445 1242 485 ad
1263 447 1399 488 auris:

267 520 531 563 Dardanidae
551 518 660 569 duri,
694 531 798 573 quae
819 530 893 557 vos
915 529 937 555 a
958 502 1077 570 stirpe
1099 526 1316 569 parentum

266 593 408 635 Prima
429 592 529 632 tulit
550 590 693 641 tellus,
724 590 863 630 eadem
884 603 958 630 vos
980 588 1101 629 ubere
1122 588 1233 630 laeto
1563 604 1618 651 95

267 665 467 719 Accipiet
488 662 674 703 reduces.
736 663 954 717 antiquam
974 661 1182 715 exquirite
1202 670 1390 703 matrem.

271 733 357 776 Hic
378 734 524 775 domus
545 733 710 774 Aeneae
732 733 894 774 cunctis
915 732 1199 773 dominabitur
1219 735 1317 787 oris,

267 807 327 851 Et
348 808 462 864 gnati
485 814 723 862 gnatorum,
755 815 797 846 et
818 806 891 861 qui
912 804 1131 845 nascentur
1149 806 1199 846 ab
1222 806 1320 848 illis.

270 880 387 924 Haec
412 879 602 921 Phoebus
620 893 628 918 :
663 879 881 932 mixtoque
903 877 1049 931 ingens
1070 886 1214 917 exorta
1233 880 1422 920 tumultu

269 952 479 995 Laetitia:
513 963 555 993 et
576 952 736 1002 cuncti,
769 965 875 1005 quae
897 947 975 990 sint
993 963 1040 989 ea
1063 951 1242 1002 moenia,
1267 963 1503 1006 quaerunt;
1541 967 1623 998 100

272 1026 375 1080 Qo
397 1025 588 1066 Phoebus
608 1033 730 1065 vocet
749 1023 939 1073 errantis,
966 1022 1194 1078 jubeatque
1211 1027 1374 1066 reverti..

271 1098 393 1138 Tum
415 1098 595 1154 genitor,
626 1106 809 1137 veterum
830 1095 998 1137 volvens
1021 1108 1293 1139 monumenta
1313 1099 1515 1150 virorum,

271 1169 446 1220 Audite,
478 1171 504 1210 ὂ
525 1183 731 1223 proceres,
762 1169 836 1218 ait,
869 1178 910 1208 et
932 1170 1017 1223 spes
1039 1170 1182 1212 discite
1203 1169 1364 1211 vestras.

272 1242 401 1284 Creta
422 1241 542 1296 Jovis
563 1243 704 1297 magni
726 1241 862 1282 medio
877 1242 988 1296 jacet
1010 1242 1142 1282 insula
1164 1250 1292 1296 ponto
1310 1260 1322 1291 3

272 1314 405 1356 Mons
428 1314 575 1356 Idaeus
596 1316 686 1366 ubi,
720 1325 761 1355 et
782 1316 916 1370 gentis
937 1314 1146 1355 cunabula
1167 1313 1338 1354 nostrae.
1540 1324 1622 1368 105

274 1385 462 1427 Centum
484 1387 603 1427 urbes
626 1387 815 1427 habitant
836 1401 1026 1443 magnas,
1060 1388 1266 1428 uberrima
1287 1400 1413 1442 regna
1433 1397 1444 1425 t

275 1460 495 1502 Maximus
518 1459 625 1500 unde
648 1470 776 1514 pater,
808 1459 835 1500 fi
856 1461 931 1500 rite
954 1460 1092 1500 audita
1113 1459 1320 1511 recordor,

273 1532 474 1574 Teucrus
497 1531 705 1573 Rhoeteas
728 1533 908 1586 primum
929 1532 985 1573 est
1004 1532 1197 1573 advectus
1220 1532 1262 1572 in
1285 1545 1396 1582 oras,

277 1604 542 1660 Optavitque
564 1604 704 1645 locum
726 1620 869 1661 regno.
931 1605 1118 1645 nondum
1141 1604 1288 1655 Ilium,
1319 1614 1361 1644 et
1381 1616 1493 1645 arces

275 1676 518 1735 Pergameae
539 1676 733 1718 steterant
752 1692 761 1717 ε
794 1678 1038 1718 habitabant
1057 1677 1234 1720 vallibus
1256 1678 1364 1720 imis.
1546 1691 1627 1721 110

334 1869 348 1895 ι
358 1868 420 1906 34.
455 1854 571 1894 There
601 1856 659 1893 the
684 1857 783 1894 wide
815 1855 967 1908 worm]
1024 1856 1149 1896 These
1180 1867 1254 1895 two
1287 1856 1383 1895 lines
1409 1855 1448 1895 in
1468 1858 1533 1895 the
1552 1856 1625 1896 ori⁴

279 1908 386 1959 ginal
407 1921 468 1946 are
488 1908 693 1946 transsated
712 1909 880 1959 literally
909 1911 1006 1948 from
1035 1911 1196 1954 Homer,
1225 1909 1273 1947 ΙΙ.
1296 1923 1359 1947 xx.
1384 1923 1471 1961 307.
1493 1920 1628 1961 except

281 1962 365 1999 that
403 1961 532 2013 virgil
570 1960 648 2010 says
692 1964 822 2000 cuneis
867 1966 953 2007 oris,
996 1963 1072 2000 and
1110 1964 1256 2000 Homer
1295 1970 1457 2015 Τρωεσσιν
1498 1965 1627 2008 araga.

282 2012 418 2050 Hence
444 2012 475 2050 it
506 2013 536 2051 is
567 2013 807 2063 conjectured
825 2014 907 2052 that
928 2016 1070 2054 AEneas
1089 2015 1156 2052 did
1176 2016 1214 2052 in
1237 2015 1371 2066 reality
1391 2027 1503 2052 never
1523 2026 1628 2053 come

281 2065 365 2103 into
390 2066 504 2114 Italy.
561 2066 649 2103 The
673 2066 824 2104 learned
843 2067 1005 2105 Bochart
1038 2068 1103 2105 has
1134 2067 1335 2118 supported
1363 2067 1436 2104 this
1469 2067 1626 2118 opinion

281 2117 358 2209 ipa
383 2118 537 2208 ‘clurious
572 2118 819 2164 dissertation,
850 2119 972 2157 added
994 2129 1033 2158 to
1062 2120 1123 2158 M.
1156 2119 1319 2171 Segtais'
1349 2119 1568 2159 transsation
1591 2119 1634 2156 of

322 2183 394 2222 ugl
416 2198 425 2208 .
