1685 3093
175 118 243 159 17«
444 114 488 155 P.
517 113 738 153 Vmoitit
762 107 994 149 MARoms
1019 107 1215 149 AENms.
1347 106 1448 150 Lib.
1473 121 1514 154 2.

201 152 252 170 *7⁴

171 218 419 264 'l‘vvdvviija
439 215 617 268 adspicio
638 228 644 251 τ
680 211 779 250 dant
808 210 918 250 clara
940 211 1133 253 incendia
1152 213 1291 255 lucem

171 269 357 341 Eriaiiri,
390 292 609 344 passimque
629 282 774 325 oculos
797 298 867 336 per
888 283 1042 324 cuneta
1063 285 1225 326 ferenti.
1434 297 1520 340 570

173 367 254 408 Illa
276 365 343 406 fibi
369 361 533 403 infestos
556 358 690 399 eversa
709 357 762 397 ob
785 355 981 412 Pergama
1003 355 1215 408 Teucros,

173 439 228 480 Et
253 450 398 490 poenas
423 431 634 480 szfim,
667 439 708 468 et
727 429 872 469 deserti
894 430 1088 485 conjugis
1112 430 1194 469 iras

171 510 454 555 Pcrziietiieiis,
488 504 646 559 Trojae
666 511 706 542 et
728 503 881 556 patriae
903 503 1139 543 communis
1160 501 1365 558 Erinnys,

172 579 514 628 Abdid21·ati'c·se,
546 587 671 630 atque
692 576 771 615 aris
795 575 923 616 invisa
944 575 1118 615 sedebat.

171 656 366 698 Exarsere
390 654 505 707 ignes
525 651 665 691 animo
685 666 693 690 :
729 650 837 690 subit
859 649 917 688 ira
938 646 1151 687 cadentem
1438 657 1520 701 575

172 729 330 768 Ulcisci
356 726 547 780 patriam,
579 734 620 763 et
643 722 851 763 sceleratas
875 721 1031 760 sumere
1053 733 1218 773 poenas.

169 801 339 842 Scilicet
359 801 458 840 haec.
483 797 670 852 Spartam
692 794 914 836 incolumis
937 793 1167 848 patriasque
1188 790 1394 847 Mycenas

171 873 372 927 Aspiciet‚
407 881 606 925 partoque
629 868 704 908 ibit
726 867 870 921 regina
890 865 1102 918 triumpho
1122 863 1136 904 ?

169 944 534 1001 Conjugiumque,
556 942 827 995 domumque,
855 949 1006 993 patres,
1038 939 1267 995 gnatosque
1287 935 1463 986 videbit,

169 1017 351 1060 Iliadum
373 1016 494 1056 turba
514 1025 554 1054 et
576 1013 770 1070 Phrygiis
792 1013 991 1053 comitata
1010 1012 1208 1053 ministris
1229 1010 1242 1051 ?
1436 1007 1519 1063 580

170 1090 390 1132 Occiderit
412 1089 519 1128 ferro
541 1086 729 1127 Priamus
751 1085 764 1125 ?
800 1085 937 1142 Troja
959 1085 1099 1125 arserit
1121 1085 1209 1140 igni
1228 1083 1241 1123 ?

168 1163 432 1205 Dardanium
455 1162 578 1202 toties
603 1161 756 1201 sudarit
779 1158 976 1215 sanguine
997 1158 1098 1198 litiis
1119 1156 1132 1196 ?

168 1236 273 1276 Non
297 1237 366 1276 ita.
430 1250 609 1289 namque
630 1234 700 1275 etsi
722 1234 890 1274 nullum
911 1230 1176 1272 memorabile
1197 1243 1351 1271 nomen

168 1308 366 1350 Feminea
387 1309 428 1349 in
452 1322 582 1362 poena
601 1307 673 1357 est,
708 1322 783 1348 nec
806 1307 929 1347 habet
950 1305 1123 1345 vietoria
1144 1303 1307 1345 laudem
1325 1321 1338 1353 3

169 1381 404 1423 Extinxisse
427 1382 540 1422 nefas
562 1391 716 1430 tamen,
748 1389 789 1419 et
812 1377 983 1419 sumsisse
1004 1377 1198 1418 merentis
1438 1373 1520 1428 585

169 1452 394 1494 Laudabor
415 1468 596 1508 poeiias3
630 1454 900 1507 animumque
923 1449 1277 1507 explessejuvabit

168 1524 347 1567 Ultricis
370 1527 570 1576 flammae,
603 1536 642 1565 et
664 1527 820 1566 cineres
843 1523 994 1565 satiasse
1016 1536 1217 1564 meorum.

169 1598 296 1640 Talia
314 1600 539 1656 jadiabam,
572 1610 612 1639 et
634 1599 783 1639 furiata
806 1607 943 1638 mente
964 1596 1149 1644 ferebar3

170 1670 283 1713 Cum
305 1672 408 1712 mihi
432 1672 485 1721 se,
517 1685 601 1710 non
623 1682 717 1710 ante
738 1671 873 1712 oculis
893 1681 978 1709 tam
1001 1668 1126 1717 clara,
1157 1664 1375 1707 videndam

170 1743 363 1794 Obtulit,
396 1754 437 1784 et
459 1758 561 1798 pura
582 1759 653 1798 per
674 1744 838 1784 noetem
860 1744 902 1783 in
924 1742 1016 1783 luce
1038 1738 1196 1782 refulsit
1438 1747 1521 1791 590

171 1818 295 1859 Alma
318 1831 477 1870 parens,
510 1816 690 1858 confessa
711 1817 825 1858 deam
847 1836 858 1866 ;
891 1815 1106 1871 qualisque
1136 1812 1265 1854 videri

172 1887 417 1938 Caelicoiis,
449 1897 488 1928 et
512 1899 668 1942 quanta
692 1889 791 1928 solet
812 1902 820 1927 :
856 1887 1082 1940 dextraque
1105 1884 1355 1938 prehensum

174 1961 419 2011 Continuit,
452 1961 647 2015 roseoque
668 1960 766 1999 haec
789 1960 950 2012 insuper
972 1957 1127 1998 addidit
1147 1971 1216 1996 ore
1238 1971 1247 1996 ε
1393 1945 1395 1948 .

172 2030 333 2082 Gnate,
365 2033 459 2086 quis
482 2032 703 2072 indomitas
727 2043 867 2072 tantus
890 2031 1008 2071 dolor
1029 2030 1185 2069 excitat
1206 2030 1284 2071 iras
1305 2028 1318 2068 ?

174 2104 293 2159 Qiid
316 2105 419 2146 furis
441 2102 454 2143 ?
489 2115 559 2155 aut
581 2119 761 2158 quonam
784 2104 907 2144 iiostri
930 2104 1005 2144 tibi
1029 2117 1127 2144 cura
1149 2103 1302 2151 recessit
1322 2100 1336 2143 ἶ
1438 2114 1519 2158 595

227 2251 317 2287 777.
349 2238 491 2274 Drcnch
526 2238 583 2275 the
618 2239 772 2275 Dardan
800 2239 901 2286 shore
919 2238 935 2288 ]
1005 2239 1049 2275 In
1079 2236 1142 2273 the
1175 2235 1356 2286 original,
1374 2238 1525 2285 suddrg't

162 2292 339 2340 sanguine
355 2289 468 2333 tellas,
501 2290 529 2326 is
551 2303 638 2338 very
659 2291 797 2340 strong,
829 2291 902 2326 and
923 2291 952 2327 is
979 2289 1158 2326 censui-ed
1180 2289 1228 2338 by
1250 2289 1348 2325 some
1368 2290 1521 2332 eritics;

180 2342 246 2377 but
281 2343 406 2392 virgil
439 2341 511 2378 had
544 2343 725 2379 Ennius‘s
758 2342 950 2392 authority
978 2342 1034 2379 for
1052 2342 1099 2386 it,
1129 2341 1227 2381 from
1248 2341 1372 2379 whom
1393 2342 1439 2379 he
1457 2341 1522 2379 has

168 2392 356 2431 'borrow'd
374 2407 486 2444 many
506 2395 723 2445 expressions
743 2394 787 2431 os
808 2406 915 2446 great
935 2394 1035 2432 force
1051 2394 1126 2431 and
1145 2406 1310 2444 energy:

962 2500 1066 2507 —-—
1081 2479 1286 2527 AEsstmat,

307 2532 538 2581 Franguntur
557 2531 690 2580 hastae,
721 2541 818 2567 terra
827 2530 940 2580 sudat
948 2531 1134 2582 sanguine.

233 2615 322 2663 785.
357 2614 475 2660 Isaw
497 2629 547 2662 my
567 2614 697 2652 mot-her
722 2613 824 2662 rise.]
882 2612 991 2650 With
1013 2613 1115 2649 what
1138 2624 1254 2663 pomp
1276 2609 1352 2648 and
1371 2611 1524 2659 majesty

179 2666 247 2703 has
268 2667 329 2700 the
350 2676 436 2715 poet
457 2665 680 2701 introduced
714 2665 787 2701 th'is
812 2664 917 2714 piece
946 2666 991 2702 of
1013 2664 1253 2714 machinery!
1285 2673 1323 2701 at
1343 2664 1406 2700 the
1425 2669 1525 2700 iame

183 2717 290 2759 time,
323 2717 405 2753 1ch
425 2728 529 2766 great
549 2717 578 2753 is
598 2717 654 2754 his
676 2727 732 2753 art
751 2725 825 2766 and
841 2717 1047 2768 judgment
1073 2717 1110 2754 iri
1133 2716 1314 2768 bringing
1334 2716 1373 2753 in
1392 2717 1524 2754 Venus

184 2778 223 2805 to
242 2767 352 2805 make
378 2770 517 2806 AEneas
538 2769 639 2805 desist
661 2769 755 2806 from
778 2781 848 2818 any
867 2769 1009 2806 farther
1035 2779 1214 2820 attempts
1232 2770 1271 2807 in
1291 2769 1523 2806 endeavour-

1458 2820 1529 2872 ing
