1685 3093
264 101 365 146 DE
411 99 649 145 CARM.
693 100 938 146 EPICO
984 102 1291 149 VIRGIL.
1397 124 1449 166 31

89 209 206 267 quod
228 210 273 251 in
302 209 411 250 votis
432 207 581 248 habere
600 206 790 259 debebat,
813 217 859 250 vt
880 220 1036 264 praeter
1055 224 1118 262 ea,
1136 225 1244 266 quae
1264 226 1288 252 a
1307 209 1451 255 Grae·

92 285 155 325 cis
199 281 373 324 traaata
413 281 507 322 satis
547 290 680 333 erant,
725 295 837 322 noua
884 291 926 323 et
975 282 1130 324 intaeta
1169 283 1255 338 ipse
1302 283 1451 327 afferre

93 354 238 411 poffet.

150 427 362 469 Iudicium
384 435 527 482 poetae
559 427 602 468 in
621 426 775 467 dile&
795 427 950 478 herois,
974 443 1100 484 quem
1120 438 1300 479 ornaret,
1324 444 1452 485 quam

92 501 259 556 elegans
280 509 320 540 et
340 498 591 554 exquisitum
611 497 676 550 sit,
708 499 833 539 etiam
855 500 912 540 ita
940 501 1110 542 iudicari
1133 501 1240 556 poffe
1271 512 1390 557 put0,
1421 502 1455 545 fi

91 574 187 629 quis
216 572 393 613 aliorum
429 573 663 614 carminum
693 572 909 626 epicorum
944 583 1188 630 argumenta
1219 585 1451 629 comparet,

92 657 139 688 vt
199 646 396 687 Herculis
436 644 500 685 vel
557 642 713 683 Thesei
760 643 884 693 faffl,
935 645 1242 700 Argonautica,
1289 647 1453 688 bellum

93 718 370 771 Thebanum,
423 714 662 771 Gigantum
716 716 779 756 vel
822 714 1034 757 Titanum
1086 733 1299 773 pugnam3
1346 733 1456 774 quae

91 793 235 833 omnia
255 791 326 833 etsi
340 792 497 832 summa
510 803 607 829 cum
628 797 711 827 arte
728 787 901 829 tra&ata
921 799 962 828 et
982 790 1184 843 expolita,
1207 805 1294 831 non
1311 800 1454 833 tamen

92 863 142 904 ad
181 878 277 904 eum
312 862 568 917 splendorem
604 859 742 900 excoli
784 859 1025 914 potuissent,
1057 876 1193 917 neque
1229 864 1324 905 satis
1357 880 1452 906 mo·-

91 938 222 978 menti
254 936 303 976 ad
331 936 491 976 animos
513 931 784 986 impellendos
806 932 1162 990 aduertendosque
1184 935 1450 988 habuiffent;

91 1024 190 1051 cum
229 1019 376 1051 contra
423 1008 472 1048 ad
513 1007 778 1060 popularium
824 1006 1012 1058 inprimis
1052 1018 1210 1049 mentes
1252 1009 1452 1051 tenendas

92 1081 257 1122 Aeneae
292 1080 376 1120 fata
409 1089 569 1119 tantam
596 1079 681 1119 vim
704 1079 853 1118 habere
882 1078 1090 1121 deberent.
1154 1081 1274 1123 Adeo
1307 1084 1451 1125 omnia

89 1167 155 1204 ea,
187 1166 292 1207 quae
321 1151 501 1207 Dionys.
536 1149 679 1191 Halic.
706 1148 744 1199 I,
775 1164 846 1205 49.
879 1149 929 1190 ad
964 1151 1250 1195 adstruendam
1284 1154 1450 1197 Aeneae

92 1226 138 1267 in
159 1224 326 1266 Italiam
347 1224 552 1265 aduentus
571 1223 786 1264 veritatem
821 1233 1037 1275 memorat,
1070 1224 1188 1266 simul
1225 1227 1274 1267 ad
1307 1237 1453 1282 poetae

93 1298 338 1353 sapientiam
359 1297 646 1339 declarandam
667 1295 835 1336 valent:
870 1303 936 1343 Τῆς
956 1297 986 1336 δὲ
1009 1299 1063 1336 ἐπὶ
1080 1297 1230 1338 Ἰταλίαν
1246 1302 1372 1338 Αἰνείου
1391 1301 1452 1339 καὶ

92 1371 206 1422 Τξῶων
225 1371 366 1420 ἀφίξεως
396 1368 556 1419 Ῥωμαῖοί
593 1386 629 1406 τε
668 1368 788 1410 πάντες
808 1365 1013 1412 &Cam-22,
1043 1367 1102 1404 καὶ
1136 1368 1184 1406 ’τὰ
1215 1366 1359 1419 δεόμενα.
1392 1367 1452 1406 ὑπ’

91 1442 201 1477 αὐτῶν
222 1441 285 1477 ἕντε
305 1438 446 1481 Suo-⁵¹30„
483 1438 542 1475 καὶ
581 1440 722 1488 {ogi-06⁴5,
752 1436 951 1485 μηνύματα,
980 1432 1143 1479 Σιρύλλης
1171 1453 1207 1475 τε
1237 1438 1357 1484 λόγια,
1387 1438 1449 1475 καὶ

91 1525 241 1558 χξησμοι
262 1507 435 1551 Πυθικοὶ,
439 1506 496 1543 nai
517 1505 613 1543 ἄλλα
632 1505 760 1542 πολλα.

150 1575 306 1631 Neque
333 1589 430 1616 vero
450 1574 551 1614 huic
572 1572 806 1628 argumenti
830 1572 1021 1614 felicitati
1043 1582 1084 1614 et
1105 1574 1233 1615 tantis
1255 1574 1451 1615 materiae

92 1649 225 1702 copiis
256 1658 398 1702 poetae
422 1646 639 1702 ingenium
662 1645 811 1685 defuit.
875 1644 1043 1685 Vellem
1066 1646 1105 1685 id
1130 1646 1321 1699 pluribus
1342 1659 1364 1685 a
1384 1659 1451 1686 me

92 1721 249 1774 exponi
289 1716 441 1774 posset!
500 1718 577 1760 Sed
617 1733 668 1759 ne
708 1719 752 1758 in
799 1717 1047 1758 immensum
1082 1732 1220 1758 rerum
1254 1732 1450 1773 campum

93 1803 294 1848 euagetur
347 1793 589 1846 disputatio,
636 1792 742 1831 ratio
783 1791 904 1831 nobis
939 1788 1241 1833 nonnullorum
1280 1798 1448 1830 tantum

95 1865 335 1916 habebitur,
354 1879 460 1919 quae
482 1865 650 1919 quidem
673 1865 888 1919 praecipua
909 1864 952 1904 in
975 1872 1063 1903 toto
1084 1862 1161 1903 hoc
1184 1861 1281 1902 loco
1300 1861 1449 1904 viden·-

94 1948 178 1979 tur.
262 1936 458 1992 Specf’cant
497 1951 543 1977 ea
585 1940 735 1992 partim
774 1937 823 1978 ad
864 1935 1130 1976 Homericam
1173 1933 1449 1975 imitationem

95 2012 247 2065 partim
279 2010 327 2050 ad
357 2010 652 2066 elegantiorem
675 2010 1008 2066 phantasmatum
1029 2017 1069 2048 et
1091 2007 1336 2048 narrationis
1357 2021 1449 2048 om·

95 2084 199 2125 nino
221 2084 430 2136 habitum,
463 2084 616 2138 partim
637 2084 816 2138 denique
838 2082 887 2123 ad
908 2080 1111 2124 orationis
1132 2080 1379 2136 dignitatem
1407 2088 1452 2121 et

96 2166 311 2198 ornatum.

154 2228 290 2283 Ipsam
314 2229 512 2271 Aeneidis
549 2230 697 2281 ideam,
730 2227 1048 2281 descriptionem
1078 2233 1118 2265 et
1140 2222 1448 2278 dispositionem

97 2303 278 2357 partium
316 2303 363 2342 ad
402 2302 673 2344 Homericum
709 2303 858 2356 partim
894 2296 1097 2354 Odyffeae
1131 2298 1280 2351 partim
1302 2295 1448 2338 Iliadis

95 2374 334 2428 exemplum
358 2375 506 2416 faustam
527 2375 603 2416 effe
625 2376 763 2432 negari
801 2374 974 2429 nequit3
1008 2385 1138 2425 pauca
1170 2384 1337 2424 quoque
1357 2384 1449 2410 car·-

98 2449 223 2488 minis
244 2448 404 2489 lumina
437 2447 612 2503 locaque
649 2447 888 2504 insigniora,
919 2456 961 2486 et
994 2458 1132 2486 rerum
1167 2443 1452 2499 orationisque

96 2531 338 2563 ornamenta
377 2520 453 2563 esse
493 2522 685 2572 arbitror,
717 2534 823 2576 quae
862 2534 884 2559 a
920 2516 1107 2574 Virgilio
1143 2514 1225 2557 fine
1259 2516 1450 2571 exemplo

100 2593 271 2635 inuenta
291 2603 333 2635 et
353 2604 442 2636 tum
464 2596 643 2649 primum
665 2609 715 2635 cx
748 2594 831 2647 ipsa
863 2606 996 2633 rerum
1032 2600 1177 2630 natura
1209 2588 1452 2630 adumbrata

98 2676 142 2706 et
176 2656 378 2723 descripta
405 2668 482 2709 esse
511 2668 700 2709 affirmari
724 2665 830 2720 posse
853 2674 1007 2720 putem.
1070 2663 1195 2705 Certe
1216 2664 1451 2718 pauciffima

99 2752 152 2781 ex
188 2741 237 2783 iis
272 2755 487 2785 occurrere
521 2741 710 2794 memini,
742 2754 920 2795 quorum
952 2752 1037 2783 non
1067 2746 1140 2782 aut
1169 2736 1356 2791 exempla
1376 2745 1451 2778 aut

1299 2811 1452 2853 semina
