1685 3093
239 135 654 186 TRACTAT.
717 132 1260 180 INVENTIONE.
1365 151 1424 196 45

87 252 227 309 paffim
246 250 296 291 ad
316 246 549 303 Virgilium
572 251 869 292 memorantur,
900 243 1154 297 omninoque
1173 256 1225 283 ex
1255 256 1428 285 accura-

86 326 193 366 tiore
224 321 409 362 historiae
443 317 683 372 cognitione
713 314 973 356 manifestum
1013 314 1077 366 fit,
1109 313 1224 356 fuiffe
1251 316 1356 357 hanc
1377 317 1429 358 de

87 398 252 439 Aeneae
269 393 491 441 err-aribus,
513 389 765 442 deduffstaque
787 386 1073 428 Troianorum
1094 388 1137 428 in
1158 385 1329 429 Latium
1347 404 1425 430 co·

86 468 217 518 Ionia,
248 467 524 506 narrationem
548 462 656 502 inter
687 459 923 501 illustriores
953 470 995 501 et
1029 475 1052 501 a
1081 459 1226 501 multis
1249 459 1426 504 Graecis

88 539 368 592 Romanisque
408 535 673 590 scriptoribus
706 532 916 588 poetisque
946 532 1145 587 expositas
1184 535 1430 590 ornatasque

69 611 287 653 historias.
350 608 545 649 Poterant
576 607 656 647 hoc
683 605 826 646 docere
858 605 998 646 saltem
1021 621 1083 656 ea,
1117 623 1238 662 quae,
1268 607 1339 650 etsi
1361 609 1426 650 di-

87 685 203 726 uerso
224 682 411 732 consilio²
443 682 638 736 congeffit
658 678 846 735 Ryckius
868 679 910 719 in
933 676 1039 719 Diff.
1058 678 1106 717 de
1126 680 1268 732 primis
1284 678 1432 722 Italiae

85 757 248 799 colonis
273 769 313 795 et
346 756 508 796 Aeneae
540 753 738 798 aduentu.
774 750 844 807 (ad
865 750 1022 793 calcem
1044 750 1248 794 Holstenii
1270 752 1426 796 Notar-

87 830 136 873 ad
159 829 342 883 Stephan
364 826 569 883 Byzant.)

117 925 120 928 Δ
143 901 336 944 Omnino
349 900 517 955 quidem
537 898 585 939 de
605 898 768 939 Aeneae
789 899 832 938 in
854 897 1021 938 Italiam
1040 897 1221 940 aduentu
1244 899 1426 953 fabulae,

88 975 139 1031 (si
160 974 343 1016 fabulam
364 973 558 1029 dicimus,
588 984 673 1010 non
694 969 788 1010 fieta
810 969 945 1010 statim
975 985 1022 1011 ae
1043 973 1335 1013 commenticia
1365 957 1432 1015 res>

88 1047 276 1103 ponitur,
325 1043 389 1083 sed
424 1041 580 1091 fabula,
637 1043 749 1090 μῦθος,
800 1056 965 1082 omnem
1004 1052 1180 1084 veterem
1220 1044 1429 1088 historiam

85 1117 286 1173 designat,
317 1124 539 1169 antequam
560 1113 710 1154 litteris
731 1113 961 1169 consignari
988 1124 1028 1156 et
1050 1116 1230 1157 sermone
1261 1118 1432 1170 pedestri

86 1190 240 1244 exponi
280 1185 492 1242 coepisset)
541 1186 665 1226 huius
706 1186 833 1241 igitur
867 1185 1030 1227 fabulae
1068 1187 1223 1227 fundus
1258 1188 1433 1233 habetur

88 1263 261 1305 Homeri
283 1261 354 1302 ille
374 1260 492 1301 locus
513 1260 740 1299 notiffimus
773 1257 826 1298 Il.
850 1269 893 1309 Τ,
928 1271 1023 1315 307.
1049 1259 1088 1302 8.
1109 1259 1135 1286 ἦ
1167 1260 1237 1300 vbi
1259 1259 1432 1315 Neptu-

89 1349 168 1377 nus
189 1335 266 1376 diis
301 1333 442 1374 auCtOr
460 1331 533 1382 est,
564 1340 610 1372 vt
641 1331 823 1372 Aeneam
844 1345 941 1371 curn
971 1331 1141 1372 Achille
1174 1332 1434 1388 congressum

89 1408 288 1460 imparem
321 1419 460 1459 pugna
479 1403 674 1454 educant,
706 1418 756 1444 ne
787 1405 874 1444 eius
901 1412 1030 1444 morte
1054 1401 1241 1444 Dardani
1264 1403 1434 1458 posteri-

90 1488 154 1519 tas
175 1477 353 1528 deficiat‚
372 1491 496 1532 quem
511 1486 649 1517 tamen
671 1475 829 1530 Iupiter
850 1492 943 1530 prae
964 1476 1106 1517 ceteris
1125 1476 1266 1517 liberis
1285 1477 1436 1534 diligat

90 1551 313 1601 omnibus;
346 1561 387 1590 at
419 1549 628 1591 Priamum
664 1565 761 1592 cum
793 1551 986 1606 progenie
1017 1550 1110 1592 Ioui
1139 1565 1252 1592 nune
1271 1551 1347 1593 esse
1364 1553 1434 1594 in-

92 1624 230 1665 uisum
249 1641 260 1673 3
284 1624 423 1678 itaque
445 1623 631 1666 Aeneam
652 1624 819 1679 eiusque
840 1623 1017 1676 posteros
1039 1622 1240 1665 Troianis
1257 1622 1335 1665 effe
1353 1624 1437 1665 im-

91 1705 301 1753 peraturos
321 1708 331 1735 ε

246 1805 314 1838 Nih
332 1799 363 1838 δὲ
382 1799 419 1841 δὴ
436 1804 565 1840 Αἶνεῖαο
585 1805 640 1846 βίη
660 1802 822 1854 Τξῶεσσιν
840 1805 969 1850 ἀνάξει,

249 1869 322 1906 Καὶ
343 1868 466 1914 παῖδες
485 1869 627 1916 παίδων,
656 1875 708 1910 τοί
727 1888 775 1908 κεν
790 1873 969 1921 μετόπισθε
985 1876 1148 1918 γένωνται.

96 1973 291 2029 Regnum
330 1975 394 2015 his
430 1974 606 2018 versibus
634 1976 797 2017 Aeneae
839 1975 1086 2030 posterisque
1121 1975 1211 2016 eius
1248 1978 1435 2030 promitti

97 2049 360 2091 manifestum
391 2049 478 2103 esti
510 2050 571 2090 sed
594 2064 677 2104 quo
698 2051 741 2091 in
771 2050 864 2091 loco
896 2048 999 2090 illud
1022 2049 1162 2100 fuerit,
1194 2050 1306 2090 varia
1324 2052 1434 2105 apud

96 2131 251 2162 veteres
282 2122 389 2161 fama
408 2122 517 2172 fuit3
550 2121 884 2177 quandoquidem
909 2121 956 2161 de
978 2121 1141 2163 Aeneae
1161 2124 1365 2164 erroribus
1387 2138 1435 2165 ac

97 2193 256 2234 sedibus
295 2203 379 2234 tam
406 2195 560 2236 diuerse
591 2193 789 2236 tiaditum
827 2204 912 2235 erat
934 2202 977 2245 †,
1009 2209 1106 2235 cum
1146 2195 1216 2236 alii
1253 2210 1349 2237 eum
1390 2197 1436 2237 in

97 2264 310 2308 Thraciae
339 2266 494 2318 littore,
527 2267 569 2308 in
591 2268 770 2309 Arcadia
803 2268 892 2319 alii,
925 2268 994 2309 alii
1028 2269 1071 2311 in
1108 2267 1267 2320 Sicilia,
1300 2268 1436 2313 aliiin

152 2511 173 2530 *ἒ
199 2503 420 2543 Transsatus
446 2504 510 2542 ille
540 2517 583 2544 ac
598 2508 776 2558 repetitus
795 2505 834 2543 in
866 2505 920 2545 H.
951 2505 991 2543 in
1011 2507 1153 2546 Vener.
1179 2520 1264 2559 ¹97·
1286 2510 1322 2545 8.
1349 2515 1387 2546 et
1413 2520 1437 2545 a

101 2557 267 2608 Virgilio
282 2559 472 2608 praeclare
490 2557 529 2596 in
547 2559 741 2598 oraculum
765 2559 930 2608 Delphis
948 2560 1100 2597 Aeneae
1120 2559 1251 2598 datum
1276 2573 1437 2598 conuer-

100 2608 161 2647 sus
178 2623 188 2646 t
209 2611 400 2662 Antiquam
419 2615 590 2663 exquirite
601 2623 756 2649 matrem.
814 2613 885 2649 Hic
902 2614 1015 2649 domus
1033 2613 1166 2651 Aeneae
1181 2617 1311 2651 cuna‘lis
1327 2615 1437 2652 domi-

101 2661 249 2699 nabitur
276 2667 345 2700 oris
363 2665 409 2701 Et
429 2668 507 2701 nati
524 2675 680 2703 natorum
698 2676 729 2702 et
750 2668 811 2715 qui
838 2666 1018 2714 nascentur
1039 2665 1087 2702 ab
1113 2665 1199 2703 illis.
1219 2665 1291 2703 HI.
1312 2665 1376 2717 96.
1398 2668 1436 2705 8.

101 2713 155 2752 Et
173 2714 260 2752 hinc
278 2715 399 2753 versus
418 2715 474 2753 illi
490 2716 733 2766 pulcherrimi
753 2717 821 2756 lib.
842 2718 910 2759 IX.
933 2717 1099 2770 446-9.
1121 2717 1287 2772 expreffi.

154 2772 179 2816 †
209 2768 259 2807 V.
281 2767 329 2810 ad
348 2769 447 2808 Aen.
469 2769 541 2809 ΙΙΙ.
564 2768 656 2809 Exc.
671 2769 711 2811 1.

1296 2836 1436 2891 Italia,
