1685 3093
342 176 457 220 AD
547 177 934 224 LIBRVM
1019 180 1102 223 IV.
1318 197 1399 241 379

61 280 180 332 Cum
208 290 345 323 autem
377 283 421 323 in
450 283 551 323 mari
578 284 890 337 mediterraneo,
922 300 945 325 a
965 284 1135 326 Troade
1155 285 1293 327 versus
1315 284 1403 328 Ita-

60 355 177 405 liam,
214 356 426 410 nauigatio
460 354 590 406 fieret,
634 354 661 395 fi
696 370 838 396 ornnes
870 356 1008 395 animo
1044 356 1225 399 litorales
1261 358 1403 415 plagas

62 428 318 482 percenseas,
352 427 469 467 nulla
508 427 629 467 facile
663 429 934 482 opportunior
967 438 1073 469 terra
1111 431 1285 485 cogitari
1327 445 1405 484 po-

61 499 154 549 test,
199 513 324 554 quarn
360 513 441 553 qua
474 499 566 550 vsus
602 498 657 539 est
684 509 817 550 poeta,
864 499 1228 555 Carthaginiensis.
1289 502 1406 546 Nam

61 573 244 628 primurn
286 572 397 626 quod
443 571 612 612 australe
644 572 893 624 potissimum
925 572 1024 613 litus
1054 573 1162 614 adire
1193 575 1406 629 tempestas

60 646 203 700 coegit
223 645 425 695 Aeneam,
458 645 614 686 fa&um
637 645 786 698 partim
804 654 1015 698 poetarum
1036 647 1228 701 exemplo
1256 648 1408 702 partim

61 726 281 774 ventorum
304 727 463 757 natura.
525 717 638 757 Nam
671 717 712 756 in
746 717 868 756 maris
891 717 1014 758 huius
1047 718 1176 774 plagis
1197 719 1406 771 austrinis,

63 787 173 828 infra
197 786 404 843 Cycladas
423 788 563 829 saltem
585 803 630 845 ac
653 787 841 839 Cretam,
875 791 1126 844 grauiffimae
1146 791 1194 831 ab
1212 792 1408 845 aquilone

63 870 190 901 vento
218 861 456 901 excitantur
485 861 759 916 tempestates,
792 861 1025 918 durantque
1046 873 1158 904 certo
1183 864 1279 903 anni
1302 866 1430 905 tem?
1459 920 1461 923 .

65 947 161 986 pore
192 934 312 974 slatus
348 935 435 974 eius
470 934 663 973 continui
698 948 768 987 per
792 934 928 987 plures
960 935 1061 985 dies,
1093 936 1146 975 ob
1178 936 1256 977 hoc
1279 936 1411 990 ipsum

63 1005 165 1046 diffi
193 1005 349 1046 etesiae.
412 1003 624 1046 Videntur
653 1007 695 1046 hi
729 1006 851 1047 iidem
884 1006 1016 1057 fuiffe,
1060 1008 1131 1062 qui
1165 1005 1409 1049 Menelaum

66 1077 157 1119 XX
200 1078 284 1118 dies
325 1078 373 1118 ad
411 1077 592 1118 Pharum
631 1078 861 1118 retinebant
909 1077 1053 1134 Odyss.
1096 1081 1128 1129 S,
1172 1081 1267 1135 360.
1330 1080 1410 1121 His

65 1149 199 1190 ventis
232 1149 325 1204 quis
364 1150 535 1189 miretur
576 1164 662 1200 eos,
693 1151 781 1204 ‘qui
822 1165 844 1190 a
875 1149 1042 1191 Troade
1075 1149 1299 1193 Graeciam
1343 1152 1409 1193 vel

67 1219 232 1261 Italiam
269 1230 470 1275 peterent,
503 1223 639 1262 versus
669 1222 836 1263 Africae
859 1223 981 1263 litora
1011 1224 1182 1277 propelli
1206 1223 1215 1263 l
1261 1222 1423 1278 Itaque·-

66 1291 255 1335 Graecos
277 1309 299 1333 a
321 1293 456 1333 Troia
486 1294 671 1344 reduces,
705 1309 801 1335 cum
823 1294 983 1335 Maleas
1011 1294 1282 1338 circumuefi'ti
1303 1304 1410 1337 tem-

69 1366 216 1421 pestate
247 1381 270 1406 a
293 1367 411 1407 cursu
451 1367 594 1407 deieffi
622 1366 762 1415 effent,
802 1381 942 1407 omnes
975 1367 1057 1407 fere
1086 1369 1132 1407 ad
1172 1369 1243 1408 has
1278 1379 1412 1421 partes

67 1437 180 1478 atstos
217 1437 292 1478 effe
321 1437 473 1477 videas.
537 1436 757 1478 Menelaus
800 1439 967 1492 quidem
1013 1439 1252 1495 Aegyptum
1293 1440 1412 1491 adiit,

66 1510 98 1551 l.
122 1525 160 1550 c.
192 1520 233 1550 et
265 1508 410 1565 Odyff.
447 1529 486 1560 γ,
531 1524 627 1567 300.
690 1508 803 1551 Paris
845 1521 886 1551 et
925 1512 1032 1552 hanc
1074 1522 1116 1552 et
1157 1511 1412 1564 Phoenicen,

68 1582 232 1639 Vlysses
279 1581 622 1638 Lotophagorum
661 1584 834 1624 insulam
866 1585 908 1625 in
948 1584 1106 1640 Libyae
1141 1584 1278 1634 litore,
1310 1583 1411 1624 Me-

69 1657 257 1712 ningem,
289 1671 329 1696 v.
355 1654 500 1710 Odyss.
525 1673 550 1705 ι,
587 1656 639 1696 80
668 1654 756 1707 sqq.
820 1654 945 1707 Apud
978 1655 1253 1708 Apollonium
1287 1658 1411 1698 etiam

70 1729 188 1783 Argo
208 1743 258 1768 ex
281 1726 401 1768 Ionio
428 1727 528 1766 mari
555 1726 692 1766 versus
721 1725 888 1765 Africae
921 1726 1044 1767 litora
1064 1729 1302 1782 proripitur.
1367 1727 1411 1770 Si

70 1801 209 1854 itaque
240 1798 449 1854 Virgilius
479 1807 697 1838 ventorum
720 1806 902 1847 naturas,
934 1809 1144 1851 poetarum
1175 1801 1410 1854 exemplum

71 1872 306 1926 ceterasque
336 1872 514 1911 rationes
547 1870 657 1923 sequi
689 1869 868 1920 volebat,
901 1871 948 1910 ad
971 1872 1262 1914 Africae‘litus
1283 1874 1413 1914 claffis

70 1945 260 1986 Troiana
291 1953 377 1984 erat
405 1942 633 1983 deferenda.
696 1940 808 1982 Cum
844 1956 939 1982 vero
960 1943 1138 1997 reliquae
1161 1931 1411 1998 paffim'par-

69 2029 148 2068 tes,
182 2019 399 2073 Aegyptus
428 2030 474 2056 ac
507 2014 657 2070 Libya,
689 2013 814 2054 essent
845 2015 893 2054 ab
916 2015 1098 2055 Homero
1121 2026 1162 2055 et
1182 2015 1414 2069 Apollonio

71 2099 313 2144 occupatae,
347 2088 523 2129 feliciter
550 2096 670 2141 poeta
703 2087 744 2126 in
778 2086 1161 2143 Carthaginiensem
1197 2102 1309 2128 oram
1348 2089 1414 2128 in-

71 2163 190 2204 cidit.
252 2162 373 2217 Qae
397 2161 507 2201 enim
539 2160 812 2213 opportunior
837 2170 939 2198 terra
967 2159 1273 2199 commemorari
1297 2169 1414 2211 pote-

71 2244 150 2285 rat,
182 2248 308 2289 quam
339 2232 569 2286 Carthago,
603 2246 698 2271 cum
731 2231 932 2271 Romanis
962 2231 1040 2271 suis
1063 2231 1286 2270 Aeneidem
1315 2231 1415 2271 scri-

73 2307 202 2356 beret,
237 2306 390 2360 quibus
427 2304 759 2344 iucundiffimum
787 2304 931 2343 auditu
964 2302 1038 2343 effe
1066 2303 1224 2352 debuit,
1257 2302 1284 2343 si
1315 2303 1413 2344 belli

71 2378 312 2434 grauiffimi,
360 2390 444 2431 quo
469 2377 645 2429 primum
674 2376 850 2429 populus
883 2375 1006 2414 Rom.
1041 2375 1197 2414 aditum
1229 2389 1275 2415 ac
1305 2376 1414 2417 viam

71 2451 121 2492 ad
153 2460 351 2492 terrarum
388 2450 605 2503 imperium
642 2449 710 2489 fibi
750 2459 978 2502 parauerat,
1012 2448 1162 2487 semina
1193 2461 1239 2487 ac
1261 2447 1414 2490 cauffas

71 2523 118 2564 in
138 2522 230 2576 ipsis
251 2522 353 2563 olim
375 2522 537 2562 Aeneae
558 2521 651 2561 fatis
673 2535 717 2560 ac
741 2519 895 2560 casibus
917 2521 1018 2561 iaE’ta
1037 2520 1111 2561 csse
1130 2520 1299 2560 videret.

130 2595 194 2636 Vt
232 2606 369 2636 autem
404 2593 585 2636 Didonis
621 2593 869 2646 potissimum
901 2606 1034 2632 amore
1072 2603 1265 2643 vteretur,
1316 2607 1413 2634 cum

75 2667 280 2724 Calypsus
302 2667 365 2709 vel
402 2666 546 2708 Circes
578 2676 648 2706 aut
681 2665 855 2705 Medeae
882 2678 1037 2705 amores
1067 2666 1241 2720 exempli
1271 2665 1414 2705 autsto-

72 2741 193 2783 ritate
239 2740 438 2782 adducere
486 2749 647 2795 poetam
690 2747 897 2792 poterant,
946 2746 1035 2779 tum
1077 2738 1250 2779 feminac
1291 2739 1413 2778 huius

1252 2809 1414 2851 claritas
