<?xml version="1.0" encoding="UTF-8"?>
<!DOCTYPE html PUBLIC "-//W3C//DTD XHTML 1.0 Transitional//EN"
    "http://www.w3.org/TR/xhtml1/DTD/xhtml1-transitional.dtd">
<html xmlns="http://www.w3.org/1999/xhtml" xml:lang="en" lang="en">
 <head>
  <title>
</title>
<meta http-equiv="Content-Type" content="text/html;charset=utf-8" />
  <meta name='ocr-system' content='tesseract 3.04.00' />
  <meta name='ocr-capabilities' content='ocr_page ocr_carea ocr_par ocr_line ocrx_word'/>
</head>
<body>
  <div class='ocr_page' id='page_1' title='image "./worksofvirgilinl02virg_0120.png"; bbox 0 0 1685 3093; ppageno 0'>
   <div class='ocr_carea' id='block_1_1' title="bbox 254 181 1600 240">
    <p class='ocr_par' dir='ltr' id='par_1_1' title="bbox 254 181 1600 240">
     <span class='ocr_line' id='line_1_1' title="bbox 254 181 1600 240; baseline -0.007 0"><span class='ocrx_word' id='word_1_1' title='bbox 254 191 334 240; x_wconf 83' lang='lat'>108</span> <span class='ocrx_word' id='word_1_2' title='bbox 519 189 568 232; x_wconf 89' lang='lat' dir='ltr'>P.</span> <span class='ocrx_word' id='word_1_3' title='bbox 587 185 811 230; x_wconf 66' lang='lat' dir='ltr'>Vincran</span> <span class='ocrx_word' id='word_1_4' title='bbox 832 181 1066 228; x_wconf 68' lang='lat' dir='ltr'>Maaonrs</span> <span class='ocrx_word' id='word_1_5' title='bbox 1087 183 1282 230; x_wconf 65' lang='lat' dir='ltr'>Aruns.</span> <span class='ocrx_word' id='word_1_6' title='bbox 1439 184 1538 230; x_wconf 82' lang='lat' dir='ltr'>Lib.</span> <span class='ocrx_word' id='word_1_7' title='bbox 1559 201 1600 232; x_wconf 85' lang='lat'>1.</span> 
     </span>
    </p>
   </div>
   <div class='ocr_carea' id='block_1_2' title="bbox 254 288 1600 926">
    <p class='ocr_par' dir='ltr' id='par_1_2' title="bbox 254 288 1596 423">
     <span class='ocr_line' id='line_1_2' title="bbox 255 288 1596 353; baseline -0.01 -12"><span class='ocrx_word' id='word_1_8' title='bbox 255 298 465 342; x_wconf 87' lang='lat' dir='ltr'>Oramus:</span> <span class='ocrx_word' id='word_1_9' title='bbox 500 292 670 348; x_wconf 87' lang='lat' dir='ltr'>prohibe</span> <span class='ocrx_word' id='word_1_10' title='bbox 688 288 879 332; x_wconf 86' lang='lat' dir='ltr'>infandos</span> <span class='ocrx_word' id='word_1_11' title='bbox 898 303 921 330; x_wconf 93' lang='lat' dir='ltr'>a</span> <span class='ocrx_word' id='word_1_12' title='bbox 943 289 1118 332; x_wconf 86' lang='lat' dir='ltr'>navibus</span> <span class='ocrx_word' id='word_1_13' title='bbox 1136 291 1273 347; x_wconf 87' lang='lat' dir='ltr'>ignis:</span> <span class='ocrx_word' id='word_1_14' title='bbox 1513 303 1596 353; x_wconf 74' lang='lat'>525</span> 
     </span>
     <span class='ocr_line' id='line_1_3' title="bbox 254 362 1327 423; baseline -0.008 -10"><span class='ocrx_word' id='word_1_15' title='bbox 254 372 382 414; x_wconf 84' lang='lat' dir='ltr'>Parce</span> <span class='ocrx_word' id='word_1_16' title='bbox 401 370 469 423; x_wconf 92' lang='lat' dir='ltr'>pio</span> <span class='ocrx_word' id='word_1_17' title='bbox 487 365 644 423; x_wconf 86' lang='lat' dir='ltr'>generi,</span> <span class='ocrx_word' id='word_1_18' title='bbox 675 372 716 404; x_wconf 90' lang='lat' dir='ltr'>et</span> <span class='ocrx_word' id='word_1_19' title='bbox 735 362 904 418; x_wconf 85' lang='lat' dir='ltr'>propius</span> <span class='ocrx_word' id='word_1_20' title='bbox 924 375 986 403; x_wconf 89' lang='lat' dir='ltr'>res</span> <span class='ocrx_word' id='word_1_21' title='bbox 1003 362 1136 415; x_wconf 86' lang='lat' dir='ltr'>aspice</span> <span class='ocrx_word' id='word_1_22' title='bbox 1156 362 1327 404; x_wconf 88' lang='lat' dir='ltr'>nostras.</span> 
     </span>
    </p>

    <p class='ocr_par' dir='ltr' id='par_1_3' title="bbox 255 433 1304 493">
     <span class='ocr_line' id='line_1_4' title="bbox 255 433 1304 493; baseline -0.01 -7"><span class='ocrx_word' id='word_1_23' title='bbox 255 443 361 486; x_wconf 87' lang='lat' dir='ltr'>Non</span> <span class='ocrx_word' id='word_1_24' title='bbox 384 456 458 484; x_wconf 85' lang='lat' dir='ltr'>nos</span> <span class='ocrx_word' id='word_1_25' title='bbox 479 449 549 481; x_wconf 90' lang='lat' dir='ltr'>aut</span> <span class='ocrx_word' id='word_1_26' title='bbox 572 439 678 480; x_wconf 88' lang='lat' dir='ltr'>ferro</span> <span class='ocrx_word' id='word_1_27' title='bbox 703 435 890 493; x_wconf 91' lang='lat' dir='ltr'>Libycos</span> <span class='ocrx_word' id='word_1_28' title='bbox 913 435 1108 490; x_wconf 90' lang='lat' dir='ltr'>populare</span> <span class='ocrx_word' id='word_1_29' title='bbox 1128 433 1304 476; x_wconf 87' lang='lat' dir='ltr'>Penates</span> 
     </span>
    </p>

    <p class='ocr_par' dir='ltr' id='par_1_4' title="bbox 256 506 1323 566">
     <span class='ocr_line' id='line_1_5' title="bbox 256 506 1323 566; baseline -0.008 -7"><span class='ocrx_word' id='word_1_30' title='bbox 256 517 482 565; x_wconf 84' lang='lat' dir='ltr'>Venimus,</span> <span class='ocrx_word' id='word_1_31' title='bbox 513 522 582 554; x_wconf 80' lang='lat' dir='ltr'>aut</span> <span class='ocrx_word' id='word_1_32' title='bbox 599 519 734 566; x_wconf 89' lang='lat' dir='ltr'>raptas</span> <span class='ocrx_word' id='word_1_33' title='bbox 755 509 804 550; x_wconf 89' lang='lat' dir='ltr'>ad</span> <span class='ocrx_word' id='word_1_34' title='bbox 825 509 947 550; x_wconf 87' lang='lat' dir='ltr'>litora</span> <span class='ocrx_word' id='word_1_35' title='bbox 968 517 1123 549; x_wconf 88' lang='lat' dir='ltr'>vertere</span> <span class='ocrx_word' id='word_1_36' title='bbox 1141 506 1323 561; x_wconf 83' lang='lat' dir='ltr'>praedas.</span> 
     </span>
    </p>

    <p class='ocr_par' dir='ltr' id='par_1_5' title="bbox 255 578 1297 637">
     <span class='ocr_line' id='line_1_6' title="bbox 255 578 1297 637; baseline -0.011 -4"><span class='ocrx_word' id='word_1_37' title='bbox 255 591 361 635; x_wconf 91' lang='lat' dir='ltr'>Non</span> <span class='ocrx_word' id='word_1_38' title='bbox 384 604 431 630; x_wconf 88' lang='lat' dir='ltr'>ea</span> <span class='ocrx_word' id='word_1_39' title='bbox 450 590 512 630; x_wconf 89' lang='lat' dir='ltr'>vis</span> <span class='ocrx_word' id='word_1_40' title='bbox 533 588 691 637; x_wconf 86' lang='lat' dir='ltr'>animo,</span> <span class='ocrx_word' id='word_1_41' title='bbox 722 598 799 626; x_wconf 89' lang='lat' dir='ltr'>nec</span> <span class='ocrx_word' id='word_1_42' title='bbox 819 591 936 623; x_wconf 87' lang='lat' dir='ltr'>tanta</span> <span class='ocrx_word' id='word_1_43' title='bbox 956 580 1141 634; x_wconf 89' lang='lat' dir='ltr'>superbia</span> <span class='ocrx_word' id='word_1_44' title='bbox 1158 578 1297 622; x_wconf 70' lang='lat' dir='ltr'>viffls.</span> 
     </span>
    </p>

    <p class='ocr_par' dir='ltr' id='par_1_6' title="bbox 255 652 1600 852">
     <span class='ocr_line' id='line_1_7' title="bbox 257 652 1600 714; baseline -0.011 -7"><span class='ocrx_word' id='word_1_45' title='bbox 257 665 331 708; x_wconf 86' lang='lat' dir='ltr'>Est</span> <span class='ocrx_word' id='word_1_46' title='bbox 350 665 485 714; x_wconf 83' lang='lat' dir='ltr'>locus,</span> <span class='ocrx_word' id='word_1_47' title='bbox 517 659 758 714; x_wconf 87' lang='lat' dir='ltr'>Hesperiam</span> <span class='ocrx_word' id='word_1_48' title='bbox 778 654 901 698; x_wconf 83' lang='lat' dir='ltr'>Graii</span> <span class='ocrx_word' id='word_1_49' title='bbox 920 654 1169 709; x_wconf 88' lang='lat' dir='ltr'>cognomine</span> <span class='ocrx_word' id='word_1_50' title='bbox 1186 652 1351 704; x_wconf 82' lang='lat' dir='ltr'>dicunt,</span> <span class='ocrx_word' id='word_1_51' title='bbox 1513 667 1600 714; x_wconf 76' lang='lat'>530</span> 
     </span>
     <span class='ocr_line' id='line_1_8' title="bbox 255 725 1427 788; baseline -0.009 -10"><span class='ocrx_word' id='word_1_52' title='bbox 255 736 394 778; x_wconf 86' lang='lat' dir='ltr'>Terra</span> <span class='ocrx_word' id='word_1_53' title='bbox 411 734 599 788; x_wconf 87' lang='lat' dir='ltr'>antiqua,</span> <span class='ocrx_word' id='word_1_54' title='bbox 631 739 777 785; x_wconf 87' lang='lat' dir='ltr'>potens</span> <span class='ocrx_word' id='word_1_55' title='bbox 798 728 942 778; x_wconf 80' lang='lat' dir='ltr'>armis,</span> <span class='ocrx_word' id='word_1_56' title='bbox 973 736 1096 781; x_wconf 86' lang='lat' dir='ltr'>atque</span> <span class='ocrx_word' id='word_1_57' title='bbox 1116 725 1238 768; x_wconf 86' lang='lat' dir='ltr'>ubere</span> <span class='ocrx_word' id='word_1_58' title='bbox 1260 726 1427 782; x_wconf 82' lang='lat' dir='ltr'>glebae:</span> 
     </span>
     <span class='ocr_line' id='line_1_9' title="bbox 256 800 1262 852; baseline -0.012 -1"><span class='ocrx_word' id='word_1_59' title='bbox 256 807 441 852; x_wconf 89' lang='lat' dir='ltr'>Oenotri</span> <span class='ocrx_word' id='word_1_60' title='bbox 463 805 626 847; x_wconf 90' lang='lat' dir='ltr'>coluere</span> <span class='ocrx_word' id='word_1_61' title='bbox 644 802 721 843; x_wconf 92' lang='lat' dir='ltr'>viri</span> <span class='ocrx_word' id='word_1_62' title='bbox 743 815 753 842; x_wconf 70' lang='grc' dir='ltr'>ε</span> <span class='ocrx_word' id='word_1_63' title='bbox 786 814 900 842; x_wconf 91' lang='lat' dir='ltr'>nunc</span> <span class='ocrx_word' id='word_1_64' title='bbox 925 801 1049 851; x_wconf 87' lang='lat' dir='ltr'>fama,</span> <span class='ocrx_word' id='word_1_65' title='bbox 1081 800 1262 840; x_wconf 89' lang='lat' dir='ltr'>minores</span> 
     </span>
    </p>

    <p class='ocr_par' dir='ltr' id='par_1_7' title="bbox 255 872 1179 926">
     <span class='ocr_line' id='line_1_10' title="bbox 255 872 1179 926; baseline -0.014 -3"><span class='ocrx_word' id='word_1_66' title='bbox 255 881 423 924; x_wconf 86' lang='lat' dir='ltr'>Italiam</span> <span class='ocrx_word' id='word_1_67' title='bbox 443 876 584 920; x_wconf 73' lang='lat' dir='ltr'>dixiss&#39;e</span> <span class='ocrx_word' id='word_1_68' title='bbox 607 876 724 917; x_wconf 88' lang='lat' dir='ltr'>ducis</span> <span class='ocrx_word' id='word_1_69' title='bbox 745 873 794 914; x_wconf 89' lang='lat' dir='ltr'>de</span> <span class='ocrx_word' id='word_1_70' title='bbox 810 872 980 914; x_wconf 88' lang='lat' dir='ltr'>nomine</span> <span class='ocrx_word' id='word_1_71' title='bbox 999 878 1179 926; x_wconf 84' lang='lat' dir='ltr'>gentem.</span> 
     </span>
    </p>
   </div>
   <div class='ocr_carea' id='block_1_3' title="bbox 256 951 1597 1144">
    <p class='ocr_par' dir='ltr' id='par_1_8' title="bbox 256 951 1597 1144">
     <span class='ocr_line' id='line_1_11' title="bbox 256 951 639 995; baseline -0.021 0"><span class='ocrx_word' id='word_1_72' title='bbox 256 955 354 995; x_wconf 90' lang='lat' dir='ltr'>Huc</span> <span class='ocrx_word' id='word_1_73' title='bbox 376 952 517 994; x_wconf 85' lang='lat' dir='ltr'>cursus</span> <span class='ocrx_word' id='word_1_74' title='bbox 541 951 639 990; x_wconf 89' lang='lat' dir='ltr'>fuit.</span> 
     </span>
     <span class='ocr_line' id='line_1_12' title="bbox 257 1015 1597 1076; baseline -0.011 -7"><span class='ocrx_word' id='word_1_75' title='bbox 257 1027 371 1070; x_wconf 89' lang='lat' dir='ltr'>Cum</span> <span class='ocrx_word' id='word_1_76' title='bbox 392 1024 527 1065; x_wconf 85' lang='lat' dir='ltr'>subito</span> <span class='ocrx_word' id='word_1_77' title='bbox 547 1021 770 1076; x_wconf 83' lang='lat' dir='ltr'>adsurgens</span> <span class='ocrx_word' id='word_1_78' title='bbox 789 1017 917 1059; x_wconf 63' lang='lat' dir='ltr'>fluehi</span> <span class='ocrx_word' id='word_1_79' title='bbox 936 1017 1149 1059; x_wconf 87' lang='lat' dir='ltr'>nimbosus</span> <span class='ocrx_word' id='word_1_80' title='bbox 1174 1015 1312 1058; x_wconf 89' lang='lat' dir='ltr'>Orion</span> <span class='ocrx_word' id='word_1_81' title='bbox 1513 1028 1597 1073; x_wconf 78' lang='lat'>535</span> 
     </span>
     <span class='ocr_line' id='line_1_13' title="bbox 257 1087 1430 1144; baseline -0.009 -5"><span class='ocrx_word' id='word_1_82' title='bbox 257 1099 309 1140; x_wconf 91' lang='lat' dir='ltr'>In</span> <span class='ocrx_word' id='word_1_83' title='bbox 329 1096 432 1138; x_wconf 90' lang='lat' dir='ltr'>vada</span> <span class='ocrx_word' id='word_1_84' title='bbox 452 1107 574 1135; x_wconf 87' lang='lat' dir='ltr'>caeca</span> <span class='ocrx_word' id='word_1_85' title='bbox 595 1090 712 1141; x_wconf 85' lang='lat' dir='ltr'>tulit,</span> <span class='ocrx_word' id='word_1_86' title='bbox 746 1090 989 1144; x_wconf 83' lang='lat' dir='ltr'>penitusque</span> <span class='ocrx_word' id='word_1_87' title='bbox 1007 1089 1250 1142; x_wconf 87' lang='lat' dir='ltr'>procacibus</span> <span class='ocrx_word' id='word_1_88' title='bbox 1269 1087 1430 1139; x_wconf 85' lang='lat' dir='ltr'>austris,</span> 
     </span>
    </p>
   </div>
   <div class='ocr_carea' id='block_1_4' title="bbox 256 1163 1377 1226">
    <p class='ocr_par' dir='ltr' id='par_1_9' title="bbox 256 1163 1377 1226">
     <span class='ocr_line' id='line_1_14' title="bbox 256 1163 1377 1226; baseline -0.007 -14"><span class='ocrx_word' id='word_1_89' title='bbox 256 1172 417 1226; x_wconf 88' lang='lat' dir='ltr'>Perque</span> <span class='ocrx_word' id='word_1_90' title='bbox 438 1166 586 1217; x_wconf 83' lang='lat' dir='ltr'>undas,</span> <span class='ocrx_word' id='word_1_91' title='bbox 619 1165 831 1218; x_wconf 85' lang='lat' dir='ltr'>superante</span> <span class='ocrx_word' id='word_1_92' title='bbox 851 1163 951 1214; x_wconf 83' lang='lat' dir='ltr'>salo,</span> <span class='ocrx_word' id='word_1_93' title='bbox 982 1177 1132 1217; x_wconf 89' lang='lat' dir='ltr'>perque</span> <span class='ocrx_word' id='word_1_94' title='bbox 1155 1163 1267 1203; x_wconf 91' lang='lat' dir='ltr'>invia</span> <span class='ocrx_word' id='word_1_95' title='bbox 1285 1163 1377 1204; x_wconf 89' lang='lat' dir='ltr'>saxa</span> 
     </span>
    </p>
   </div>
   <div class='ocr_carea' id='block_1_5' title="bbox 256 1234 1599 1442">
    <p class='ocr_par' dir='ltr' id='par_1_10' title="bbox 256 1234 1599 1442">
     <span class='ocr_line' id='line_1_15' title="bbox 256 1234 1598 1298; baseline -0.007 -13"><span class='ocrx_word' id='word_1_96' title='bbox 256 1242 462 1298; x_wconf 85' lang='lat' dir='ltr'>Dispulit.</span> <span class='ocrx_word' id='word_1_97' title='bbox 522 1241 605 1280; x_wconf 92' lang='lat' dir='ltr'>huc</span> <span class='ocrx_word' id='word_1_98' title='bbox 628 1237 749 1292; x_wconf 90' lang='lat' dir='ltr'>pauci</span> <span class='ocrx_word' id='word_1_99' title='bbox 770 1234 910 1277; x_wconf 87' lang='lat' dir='ltr'>vestris</span> <span class='ocrx_word' id='word_1_100' title='bbox 931 1235 1170 1277; x_wconf 85' lang='lat' dir='ltr'>adnavimus</span> <span class='ocrx_word' id='word_1_101' title='bbox 1192 1235 1290 1276; x_wconf 86' lang='lat' dir='ltr'>oris.</span> <span class='ocrx_word' id='word_1_102' title='bbox 1419 1236 1598 1290; x_wconf 87' lang='lat' dir='ltr'>[morem</span> 
     </span>
     <span class='ocr_line' id='line_1_16' title="bbox 257 1308 1599 1373; baseline -0.007 -15"><span class='ocrx_word' id='word_1_103' title='bbox 257 1317 386 1373; x_wconf 82' lang='lat' dir='ltr'>Qod</span> <span class='ocrx_word' id='word_1_104' title='bbox 411 1328 540 1372; x_wconf 86' lang='lat' dir='ltr'>genus</span> <span class='ocrx_word' id='word_1_105' title='bbox 576 1313 657 1353; x_wconf 85' lang='lat' dir='ltr'>hoc</span> <span class='ocrx_word' id='word_1_106' title='bbox 688 1311 923 1360; x_wconf 87' lang='lat' dir='ltr'>hominum,</span> <span class='ocrx_word' id='word_1_107' title='bbox 956 1323 1111 1364; x_wconf 91' lang='lat' dir='ltr'>quaeve</span> <span class='ocrx_word' id='word_1_108' title='bbox 1150 1309 1264 1349; x_wconf 88' lang='lat' dir='ltr'>hunc</span> <span class='ocrx_word' id='word_1_109' title='bbox 1304 1316 1391 1350; x_wconf 89' lang='lat' dir='ltr'>tarn</span> <span class='ocrx_word' id='word_1_110' title='bbox 1428 1308 1599 1350; x_wconf 89' lang='lat' dir='ltr'>barbara</span> 
     </span>
     <span class='ocr_line' id='line_1_17' title="bbox 256 1382 1597 1442; baseline -0.011 -9"><span class='ocrx_word' id='word_1_111' title='bbox 256 1389 467 1433; x_wconf 85' lang='lat' dir='ltr'>Permittit</span> <span class='ocrx_word' id='word_1_112' title='bbox 490 1384 646 1442; x_wconf 84' lang='lat' dir='ltr'>patria?</span> <span class='ocrx_word' id='word_1_113' title='bbox 680 1383 858 1438; x_wconf 87' lang='lat' dir='ltr'>hospitio</span> <span class='ocrx_word' id='word_1_114' title='bbox 879 1382 1144 1436; x_wconf 87' lang='lat' dir='ltr'>prohibemur</span> <span class='ocrx_word' id='word_1_115' title='bbox 1164 1395 1321 1424; x_wconf 85' lang='lat' dir='ltr'>arenae.</span> <span class='ocrx_word' id='word_1_116' title='bbox 1511 1392 1597 1438; x_wconf 56' lang='lat'>545</span> 
     </span>
    </p>
   </div>
   <div class='ocr_carea' id='block_1_6' title="bbox 255 1454 1599 2175">
    <p class='ocr_par' dir='ltr' id='par_1_11' title="bbox 256 1454 1302 1516">
     <span class='ocr_line' id='line_1_18' title="bbox 256 1454 1302 1516; baseline -0.011 -9"><span class='ocrx_word' id='word_1_117' title='bbox 256 1465 377 1508; x_wconf 79' lang='lat' dir='ltr'>Bella</span> <span class='ocrx_word' id='word_1_118' title='bbox 399 1464 529 1514; x_wconf 85' lang='lat' dir='ltr'>cient,</span> <span class='ocrx_word' id='word_1_119' title='bbox 561 1461 773 1516; x_wconf 89' lang='lat' dir='ltr'>primaque</span> <span class='ocrx_word' id='word_1_120' title='bbox 790 1465 931 1497; x_wconf 87' lang='lat' dir='ltr'>vetant</span> <span class='ocrx_word' id='word_1_121' title='bbox 950 1454 1160 1496; x_wconf 80' lang='lat' dir='ltr'>consistere</span> <span class='ocrx_word' id='word_1_122' title='bbox 1181 1463 1302 1496; x_wconf 85' lang='lat' dir='ltr'>terra.</span> 
     </span>
    </p>

    <p class='ocr_par' dir='ltr' id='par_1_12' title="bbox 258 1527 1332 1594">
     <span class='ocr_line' id='line_1_19' title="bbox 258 1527 1332 1594; baseline -0.012 -16"><span class='ocrx_word' id='word_1_123' title='bbox 258 1536 302 1578; x_wconf 86' lang='lat' dir='ltr'>Si</span> <span class='ocrx_word' id='word_1_124' title='bbox 321 1550 452 1594; x_wconf 85' lang='lat' dir='ltr'>genus</span> <span class='ocrx_word' id='word_1_125' title='bbox 470 1536 701 1576; x_wconf 88' lang='lat' dir='ltr'>humanum</span> <span class='ocrx_word' id='word_1_126' title='bbox 719 1541 761 1572; x_wconf 85' lang='lat' dir='ltr'>et</span> <span class='ocrx_word' id='word_1_127' title='bbox 780 1528 970 1571; x_wconf 85' lang='lat' dir='ltr'>mortalia</span> <span class='ocrx_word' id='word_1_128' title='bbox 989 1527 1173 1569; x_wconf 88' lang='lat' dir='ltr'>temnitis</span> <span class='ocrx_word' id='word_1_129' title='bbox 1193 1541 1332 1578; x_wconf 81' lang='lat' dir='ltr'>arma3</span> 
     </span>
    </p>

    <p class='ocr_par' dir='ltr' id='par_1_13' title="bbox 259 1599 1313 1663">
     <span class='ocr_line' id='line_1_20' title="bbox 259 1599 1313 1663; baseline -0.009 -12"><span class='ocrx_word' id='word_1_130' title='bbox 259 1609 321 1650; x_wconf 88' lang='lat' dir='ltr'>At</span> <span class='ocrx_word' id='word_1_131' title='bbox 345 1609 494 1663; x_wconf 88' lang='lat' dir='ltr'>sperate</span> <span class='ocrx_word' id='word_1_132' title='bbox 514 1606 610 1646; x_wconf 81' lang='lat' dir='ltr'>deos</span> <span class='ocrx_word' id='word_1_133' title='bbox 631 1616 830 1645; x_wconf 81' lang='lat' dir='ltr'>memores</span> <span class='ocrx_word' id='word_1_134' title='bbox 849 1601 962 1642; x_wconf 89' lang='lat' dir='ltr'>fandi</span> <span class='ocrx_word' id='word_1_135' title='bbox 986 1610 1110 1655; x_wconf 90' lang='lat' dir='ltr'>atque</span> <span class='ocrx_word' id='word_1_136' title='bbox 1131 1599 1313 1641; x_wconf 81' lang='lat' dir='ltr'>nefandi.</span> 
     </span>
    </p>

    <p class='ocr_par' dir='ltr' id='par_1_14' title="bbox 255 1673 1196 1732">
     <span class='ocr_line' id='line_1_21' title="bbox 255 1673 1196 1732; baseline -0.013 -8"><span class='ocrx_word' id='word_1_137' title='bbox 255 1682 352 1724; x_wconf 79' lang='lat' dir='ltr'>Rex</span> <span class='ocrx_word' id='word_1_138' title='bbox 367 1689 451 1722; x_wconf 89' lang='lat' dir='ltr'>erat</span> <span class='ocrx_word' id='word_1_139' title='bbox 473 1680 634 1721; x_wconf 87' lang='lat' dir='ltr'>Aeneas</span> <span class='ocrx_word' id='word_1_140' title='bbox 653 1677 791 1727; x_wconf 80' lang='lat' dir='ltr'>nobis,</span> <span class='ocrx_word' id='word_1_141' title='bbox 825 1690 909 1730; x_wconf 92' lang='lat' dir='ltr'>quo</span> <span class='ocrx_word' id='word_1_142' title='bbox 926 1674 1073 1732; x_wconf 89' lang='lat' dir='ltr'>justior</span> <span class='ocrx_word' id='word_1_143' title='bbox 1095 1673 1196 1713; x_wconf 87' lang='lat' dir='ltr'>alter</span> 
     </span>
    </p>

    <p class='ocr_par' dir='ltr' id='par_1_15' title="bbox 256 1745 1596 1884">
     <span class='ocr_line' id='line_1_22' title="bbox 256 1745 1596 1809; baseline -0.011 -12"><span class='ocrx_word' id='word_1_144' title='bbox 256 1754 352 1797; x_wconf 89' lang='lat' dir='ltr'>Nec</span> <span class='ocrx_word' id='word_1_145' title='bbox 373 1755 522 1809; x_wconf 85' lang='lat' dir='ltr'>pietate</span> <span class='ocrx_word' id='word_1_146' title='bbox 542 1753 640 1803; x_wconf 86' lang='lat' dir='ltr'>fuit,</span> <span class='ocrx_word' id='word_1_147' title='bbox 673 1764 748 1792; x_wconf 90' lang='lat' dir='ltr'>nec</span> <span class='ocrx_word' id='word_1_148' title='bbox 768 1749 879 1790; x_wconf 90' lang='lat' dir='ltr'>bello</span> <span class='ocrx_word' id='word_1_149' title='bbox 898 1750 1027 1807; x_wconf 87' lang='lat' dir='ltr'>major</span> <span class='ocrx_word' id='word_1_150' title='bbox 1044 1755 1085 1787; x_wconf 86' lang='lat' dir='ltr'>et</span> <span class='ocrx_word' id='word_1_151' title='bbox 1104 1745 1242 1787; x_wconf 84' lang='lat' dir='ltr'>armis.</span> <span class='ocrx_word' id='word_1_152' title='bbox 1511 1754 1596 1802; x_wconf 70' lang='lat'>543</span> 
     </span>
     <span class='ocr_line' id='line_1_23' title="bbox 257 1820 1272 1884; baseline -0.01 -15"><span class='ocrx_word' id='word_1_153' title='bbox 257 1827 401 1884; x_wconf 76' lang='lat' dir='ltr'>Quem</span> <span class='ocrx_word' id='word_1_154' title='bbox 422 1826 449 1868; x_wconf 80' lang='lat' dir='ltr'>si</span> <span class='ocrx_word' id='word_1_155' title='bbox 471 1828 554 1869; x_wconf 85' lang='lat' dir='ltr'>fata</span> <span class='ocrx_word' id='word_1_156' title='bbox 570 1826 705 1866; x_wconf 89' lang='lat' dir='ltr'>virum</span> <span class='ocrx_word' id='word_1_157' title='bbox 725 1824 898 1873; x_wconf 84' lang='lat' dir='ltr'>servant,</span> <span class='ocrx_word' id='word_1_158' title='bbox 931 1820 957 1862; x_wconf 85' lang='lat' dir='ltr'>sl</span> <span class='ocrx_word' id='word_1_159' title='bbox 979 1821 1155 1862; x_wconf 89' lang='lat' dir='ltr'>vescitur</span> <span class='ocrx_word' id='word_1_160' title='bbox 1173 1833 1272 1860; x_wconf 90' lang='lat' dir='ltr'>aura</span> 
     </span>
    </p>

    <p class='ocr_par' dir='ltr' id='par_1_16' title="bbox 257 1891 1449 1953">
     <span class='ocr_line' id='line_1_24' title="bbox 257 1891 1449 1953; baseline -0.008 -12"><span class='ocrx_word' id='word_1_161' title='bbox 257 1901 472 1950; x_wconf 84' lang='lat' dir='ltr'>Aetheria,</span> <span class='ocrx_word' id='word_1_162' title='bbox 505 1913 637 1953; x_wconf 87' lang='lat' dir='ltr'>neque</span> <span class='ocrx_word' id='word_1_163' title='bbox 656 1897 788 1938; x_wconf 92' lang='lat' dir='ltr'>adhuc</span> <span class='ocrx_word' id='word_1_164' title='bbox 810 1895 1047 1937; x_wconf 86' lang='lat' dir='ltr'>crudelibus</span> <span class='ocrx_word' id='word_1_165' title='bbox 1065 1894 1245 1938; x_wconf 88' lang='lat' dir='ltr'>occubat</span> <span class='ocrx_word' id='word_1_166' title='bbox 1268 1891 1449 1943; x_wconf 84' lang='lat' dir='ltr'>umbris;</span> 
     </span>
    </p>

    <p class='ocr_par' dir='ltr' id='par_1_17' title="bbox 256 1966 1177 2022">
     <span class='ocr_line' id='line_1_25' title="bbox 256 1966 1177 2022; baseline -0.009 -7"><span class='ocrx_word' id='word_1_167' title='bbox 256 1973 361 2015; x_wconf 90' lang='lat' dir='ltr'>Non</span> <span class='ocrx_word' id='word_1_168' title='bbox 381 1982 514 2014; x_wconf 81' lang='lat' dir='ltr'>metus</span> <span class='ocrx_word' id='word_1_169' title='bbox 536 1972 674 2013; x_wconf 87' lang='lat' dir='ltr'>officio</span> <span class='ocrx_word' id='word_1_170' title='bbox 692 1985 742 2012; x_wconf 90' lang='lat' dir='ltr'>ne</span> <span class='ocrx_word' id='word_1_171' title='bbox 760 1979 799 2010; x_wconf 89' lang='lat' dir='ltr'>te</span> <span class='ocrx_word' id='word_1_172' title='bbox 821 1966 983 2010; x_wconf 89' lang='lat' dir='ltr'>certasse</span> <span class='ocrx_word' id='word_1_173' title='bbox 1002 1969 1177 2022; x_wconf 89' lang='lat' dir='ltr'>priorem</span> 
     </span>
    </p>

    <p class='ocr_par' dir='ltr' id='par_1_18' title="bbox 258 2032 1296 2098">
     <span class='ocr_line' id='line_1_26' title="bbox 258 2032 1296 2098; baseline -0.007 -11"><span class='ocrx_word' id='word_1_174' title='bbox 258 2032 492 2088; x_wconf 78' lang='lat' dir='ltr'>Poenitcat.&#39;</span> <span class='ocrx_word' id='word_1_175' title='bbox 551 2045 644 2086; x_wconf 89' lang='lat' dir='ltr'>sunt</span> <span class='ocrx_word' id='word_1_176' title='bbox 666 2054 706 2085; x_wconf 88' lang='lat' dir='ltr'>et</span> <span class='ocrx_word' id='word_1_177' title='bbox 726 2042 879 2085; x_wconf 83' lang='lat' dir='ltr'>Siculis</span> <span class='ocrx_word' id='word_1_178' title='bbox 898 2043 1136 2098; x_wconf 85' lang='lat' dir='ltr'>regionibus</span> <span class='ocrx_word' id='word_1_179' title='bbox 1158 2040 1296 2091; x_wconf 83' lang='lat' dir='ltr'>urbes,</span> 
     </span>
    </p>

    <p class='ocr_par' dir='ltr' id='par_1_19' title="bbox 260 2111 1599 2175">
     <span class='ocr_line' id='line_1_27' title="bbox 260 2111 1599 2175; baseline -0.007 -13"><span class='ocrx_word' id='word_1_180' title='bbox 260 2120 490 2175; x_wconf 78' lang='lat' dir='ltr'>Armaque,</span> <span class='ocrx_word' id='word_1_181' title='bbox 521 2118 796 2175; x_wconf 76' lang='lat' dir='ltr'>Trojanoque</span> <span class='ocrx_word' id='word_1_182' title='bbox 817 2133 838 2159; x_wconf 87' lang='lat' dir='ltr'>a</span> <span class='ocrx_word' id='word_1_183' title='bbox 863 2118 1059 2174; x_wconf 86' lang='lat' dir='ltr'>sanguine</span> <span class='ocrx_word' id='word_1_184' title='bbox 1077 2115 1212 2157; x_wconf 83' lang='lat' dir='ltr'>clarus</span> <span class='ocrx_word' id='word_1_185' title='bbox 1232 2111 1414 2156; x_wconf 84' lang='lat' dir='ltr'>Acestes.</span> <span class='ocrx_word' id='word_1_186' title='bbox 1512 2122 1537 2166; x_wconf 82' lang='grc'><strong><em>5</em></strong></span> <span class='ocrx_word' id='word_1_187' title='bbox 1542 2122 1599 2167; x_wconf 73' lang='lat'>50</span> 
     </span>
    </p>
   </div>
  </div>
 </body>
</html>
