1685 3093
267 103 1246 173 TRACTATANyENTioNE.
1383 129 1436 168 47

93 215 172 255 diri
194 222 234 255 et
255 212 407 254 firmari
439 211 599 267 potest3
644 211 701 252 est
721 222 859 253 tamen
881 212 973 253 talis
996 212 1103 252 fama
1124 212 1168 252 in
1188 213 1302 253 omni
1326 215 1438 254 anti-

93 287 252 341 quitate
283 300 356 340 pro
391 283 469 326 fide
503 300 551 325 ae
580 284 786 338 probabili
808 286 984 336 ratione,
1017 285 1061 325 in
1082 300 1164 339 qua
1183 287 1439 340 acquiescere

93 368 136 397 et
158 371 282 410 quam
305 356 414 410 sequi
438 355 591 397 necess'e
612 358 680 398 est.

148 427 237 469 Iam
265 438 408 482 poetae
429 444 480 469 ne
501 429 572 470 ista
588 431 755 485 quidem
779 431 915 484 potior
937 446 1072 472 rerum
1096 430 1194 472 fides
1216 444 1263 472 ac
1285 433 1435 485 proba-

90 502 231 542 bilitas
259 501 464 551 sefflnda,
497 501 524 543 fi
547 511 682 542 tamen
706 503 800 544 satis
823 512 961 544 tenere
988 506 1148 545 animos
1170 504 1279 555 vult,
1304 519 1351 544 ea
1371 519 1437 545 ra-

90 575 150 616 tio
172 574 374 628 sequenda
393 573 466 625 est,
498 588 602 629 quae
628 573 862 615 celebritate
892 585 932 615 et
959 576 1148 615 claritate
1179 575 1227 615 ad
1259 574 1437 630 popula-

87 648 197 688 rium
231 647 390 687 animos
426 648 648 687 maximam
678 647 764 687 vim
797 647 942 687 habere
979 647 1119 700 potest.
1183 646 1270 701 Etsi
1298 648 1439 702 itaque

87 721 196 762 inter
217 717 403 761 Graecos
436 719 650 773 scriptores
683 734 861 775 magnus
891 730 978 760 erat
1007 733 1054 758 ea
1084 719 1132 758 de
1160 733 1202 758 re
1223 718 1436 771 diffensus,

88 807 186 834 curn
206 802 343 832 tamen
366 791 547 832 Romani
572 792 788 845 scriptores
819 791 868 833 de
889 791 1175 832 Troianorum
1201 791 1243 831 in
1272 790 1439 834 Italiam

87 864 269 905 aduentu
290 863 506 918 Albaeque
537 861 708 919 Longae
742 863 976 918 originibus
1011 864 1061 903 ab
1095 864 1239 904 Aenea
1269 865 1439 920 eiusque

88 937 285 992 progenie
319 937 503 990 repetitis
531 950 616 977 vno
652 949 721 975 ore
755 934 976 985 traderent,
1012 935 1073 988 (v.
1098 935 1289 989 inprimis
1319 936 1435 978 Sext.

87 1008 356 1051 Aurel.Vi&t.
373 1009 420 1049 de
436 1008 495 1049 O.
510 1007 571 1048 G.
584 1006 664 1059 R.)
686 1007 770 1046 iure
787 1007 856 1046 suo
867 1005 992 1047 Maro
1008 1007 1190 1049 fabulam
1207 1010 1313 1050 hane
1329 1010 1438 1051 inter

89 1080 302 1121 Romanos
324 1079 568 1120 celebratam
587 1080 787 1133 praeferre
803 1080 947 1119 ceteris
962 1081 1099 1134 potuit
1116 1095 1162 1121 ac
1179 1081 1334 1122 debuit.

142 1153 384 1206 Antequam
405 1152 453 1192 ad
475 1151 556 1191 alia
574 1149 902 1205 progrediamur,
933 1150 982 1190 de
1005 1151 1097 1191 loeo
1116 1152 1341 1195 Homerico
1365 1155 1432 1196 su-

87 1240 159 1285 pra
178 1235 400 1266 memorato
423 1239 552 1279 pauca
572 1224 706 1264 adhuc
736 1223 1012 1263 monebimus.
1065 1223 1252 1265 Produnt
1274 1227 1434 1268 Home-

87 1300 121 1340 ri
139 1298 260 1340 verba
277 1299 370 1339 satis
391 1308 526 1352 aperte
546 1311 720 1351 regnum
743 1295 928 1350 aliquod,
952 1296 1063 1350 quod
1080 1298 1244 1340 Aeneas
1265 1299 1434 1353 eiusque

88 1369 233 1425 posteri
250 1370 520 1411 obtinuerint.
583 1371 789 1410 Homerus
813 1369 969 1423 itaque,
1002 1371 1075 1424 qui
1108 1373 1274 1426 propior
1305 1382 1437 1414 aetate

87 1443 136 1483 ad
161 1441 350 1482 Troiana
379 1452 564 1497 tempora
583 1444 706 1493 vixit,
738 1443 888 1482 famam
909 1442 1110 1497 aliquam,
1143 1455 1188 1485 vt
1211 1445 1327 1495 solet,
1359 1445 1437 1486 illo

85 1526 268 1569 ternpore
290 1515 538 1570 superstitem
559 1531 605 1556 ea
625 1516 672 1556 de
693 1530 739 1555 re.
756 1515 950 1569 sequutus
979 1516 1064 1567 est3
1108 1517 1182 1558 nisi
1217 1518 1321 1557 forte
1352 1519 1439 1572 ipse

88 1589 133 1629 in
155 1589 371 1629 itineribus
394 1589 473 1629 suis
497 1590 538 1629 in
569 1589 743 1643 posteros
775 1589 938 1628 Aeneae
961 1588 1122 1629 incidit.
1186 1587 1319 1628 Fuisse
1340 1603 1433 1644 reg-

87 1676 190 1702 num
213 1661 316 1701 illud
340 1661 382 1701 in
409 1675 455 1701 ea
475 1662 558 1714 ipsa
576 1661 762 1712 Troade,
796 1662 838 1701 in
862 1676 944 1715 qua
965 1661 1152 1701 Priamus
1174 1672 1432 1715 regnauerat,

87 1749 134 1775 ea
186 1733 242 1775 est
298 1735 517 1775 verborum
571 1736 786 1787 sententia,
851 1749 956 1789 quae
1007 1731 1238 1787 legentibus
1292 1731 1433 1772 locum

85 1807 217 1861 prima
256 1807 467 1856 occurrit3
519 1819 643 1862 atque
689 1810 745 1849 ita
788 1819 940 1850 veteres
981 1806 1122 1846 locum
1163 1804 1257 1844 sunt
1298 1805 1429 1844 inter-

85 1879 232 1934 pretati
286 1880 347 1933 (v.
380 1877 513 1918 Strab.
545 1879 674 1920 XIII.
714 1897 753 1935 p.
784 1881 880 1922 608.
907 1878 985 1932 C.)
1025 1879 1277 1930 fueruntque
1311 1878 1429 1928 adeo,

86 1951 175 2005 qui,
199 1965 296 1991 cum
329 1951 511 1990 Aeneam
543 1952 585 1991 in
614 1953 705 1991 aliis
737 1952 855 1991 terris
887 1964 1058 2006 regnum
1081 1948 1302 1990 condidifl'e
1322 1951 1427 1990 mal-

58 2025 190 2074 ·lent,
235 2023 552 2077 interpolatione
584 2024 691 2064 faita
725 2024 906 2061 πάντεσσιν
942 2041 1014 2079 pro
1047 2020 1224 2072 Τξῶεσσιν,
1264 2024 1306 2062 in
1338 2022 1428 2063 suas

83 2106 216 2150 partes
239 2106 399 2150 poetam
422 2097 640 2136 traherent.
705 2097 793 2137 Alii
815 2098 1020 2138 diuersum
1042 2097 1091 2137 ab
1109 2094 1316 2135 Anchisae
1338 2094 1427 2134 Ve-

84 2168 273 2221 nerisque
309 2166 396 2207 filio
426 2167 607 2208 Aeneam
644 2167 758 2208 fuisse
790 2168 1046 2219 statuebant,
1089 2178 1206 2208 erant
1241 2183 1427 2223 quoque,

85 2240 159 2294 qui
181 2240 228 2279 de
259 2250 370 2293 patre
392 2240 497 2279 male
519 2250 787 2281 memoratum
809 2242 1009 2290 dicerent,
1043 2242 1153 2295 quod
1177 2242 1225 2282 ad
1248 2242 1424 2282 Ascani-

82 2327 152 2352 um
173 2311 267 2352 esset
287 2311 565 2354 reuocandum
585 2331 597 2362 3
630 2313 698 2353 alii
721 2314 900 2369 denique
922 2315 1106 2354 Aeneam
1131 2315 1250 2355 rebus
1273 2315 1315 2354 in
1339 2312 1425 2353 Ita-

80 2385 136 2426 lia
162 2385 396 2426 constitutis
419 2385 597 2426 Troiam
633 2386 706 2426 effe
737 2389 942 2427 reuersum
975 2402 1025 2427 ex
1056 2386 1197 2427 eodem
1230 2385 1304 2424 illo
1332 2385 1426 2425 loco

81 2456 148 2497 fibi
174 2457 464 2510 persuaserant.
527 2457 666 2511 Qiam
689 2459 892 2499 celebrata
913 2461 1018 2499 inter
1038 2468 1190 2498 veteres
1211 2468 1251 2497 et
1272 2457 1426 2497 nobilis

80 2529 222 2570 debuit
250 2529 324 2570 effe
360 2531 555 2580 narratio,
589 2545 692 2584 quae
717 2546 813 2572 eum
832 2541 946 2572 tanta
966 2532 1211 2585 opinionum
1232 2530 1426 2570 varietate

79 2602 122 2642 in
144 2602 319 2643 diuersas
341 2614 472 2656 partes
496 2603 734 2644 traetarctur
757 2602 764 2643 !

138 2682 285 2724 Strabo
313 2685 478 2738 quiderm
506 2685 665 2739 vulgari
699 2686 921 2726 narrationi
953 2685 1001 2725 de
1023 2685 1186 2726 Aeneae
1219 2684 1424 2724 erroribus

82 2765 122 2797 et
144 2753 286 2798 Italiae
308 2758 421 2798 aditu
441 2758 612 2801 omniuo
642 2773 866 2813 repugnare
895 2759 1036 2800 locum
1060 2758 1327 2800 Homericum
1349 2770 1422 2794 ex-

1193 2828 1393 2870 issimabat
1410 2851 1421 2880 3
