1685 3093
346 150 462 209 AD
550 148 942 194 LIBRVM
1021 150 1112 210 ΠΙ,
1324 170 1405 216 297

63 252 185 316 §.erm
209 257 258 299 ad
280 256 368 315 III,
405 272 421 314 .¹
447 265 488 297 et
512 269 576 312 17.
638 253 733 295 Nec
754 262 891 311 tamen
914 260 1032 310 poeta
1055 257 1181 299 huius
1200 259 1412 314 opinionis

63 333 211 387 aue‘tor
230 330 285 371 est
306 329 532 385 putandus,
564 328 627 379 sed
649 326 795 368 habuit
814 337 969 369 veteres
990 329 1193 383 annones,
1225 347 1330 387 quos
1350 334 1412 376 se-

64 413 280 458 queretur,
312 402 582 457 inprimisque
607 400 668 455 Q
691 398 927 451 Lutatium,
963 417 1059 443 nam
1088 404 1122 445 is
1155 405 1201 445 in
1222 405 1415 462 H'storiis

63 475 212 518 fimilia
247 469 492 516 tradiderat:
546 474 710 515 Aeneam
737 475 908 528 primum
947 475 1155 517 Thraciam
1194 480 1410 537 appuffzan,

67 550 216 592 Aemrm
238 566 283 590 ex
302 550 369 605 suo
401 549 546 591 nomine
576 547 786 602 condidffl’.
847 547 933 587 dein
954 548 1102 602 cognita
1127 550 1414 609 Polymnqstoris

61 623 232 680 perfidia
253 639 297 662 ex
318 621 497 677 Polydori
517 636 614 669 nece,
647 637 674 660 2
655 620 735 660 ule
753 620 969 675 digreffitm.

63 689 67 694 ’
123 696 215 737 Cur
235 705 372 736 tamen
400 698 520 749 poeta
541 708 624 746 non
648 694 812 733 Aenum
833 691 896 740 ‚sed
915 692 1112 741 Aeneadas
1131 697 1241 738 vrbis
1258 712 1410 751 nomen

63 767 276 827 prodidit?
313 767 468 808 scilicet
495 766 710 807 Aeneadas
741 765 846 806 reete
866 765 1017 807 dixeris
1040 767 1214 819 incolas,
1244 784 1411 811 eorum·

66 857 148 897 que
171 842 268 882 adeo
282 840 450 895 nornine
466 840 607 881 vrbem
625 839 762 894 potuit
780 837 989 894 insignire,
1012 848 1056 879 vt
1072 847 1136 879 tot
1153 839 1255 880 aliae
1275 842 1413 891 vrbes,

64 930 106 957 v.
131 929 168 954 c.
193 912 343 965 Gabii,
367 913 615 968 Tarquinii,
639 911 872 952 incolarum
893 910 1061 959 nomine
1077 910 1411 967 designabantur.

66 987 147 1028 Sed
170 987 345 1027 adsciuit
375 1001 525 1043 nornen
561 987 638 1042 noe
661 988 797 1037 poeta,
830 993 1032 1037 tanquam
1065 984 1328 1039 exquisitius,
1360 1002 1411 1028 ex

67 1060 149 1102 alia
169 1044 421 1109 narratione,
454 1073 579 1115 quam
601 1068 641 1097 et
662 1048 703 1097 h.
723 1057 752 1096 1.
778 1057 974 1096 subiicere
989 1056 1199 1098 volumus.

124 1132 297 1186 Scilicet
318 1132 414 1181 alia,
437 1145 567 1185 eaque
584 1129 835 1170 constantior
856 1144 902 1169 ac
924 1130 1075 1180 verior,
1100 1130 1205 1170 inter
1222 1128 1433 1179 Graecosz

62 1189 260 1255 maxime,
281 1205 388 1245 fama
402 1203 605 1253 obtinuit,
625 1202 673 1242 ad
694 1201 998 1243 Chersonesum
1010 1201 1209 1243 Pallenen
1227 1203 1411 1245 Aeneam

64 1277 279 1336 appulisse,
313 1278 454 1330 ibique
475 1277 654 1316 Aeniam
680 1275 852 1330 (Αἴνειαν)
876 1276 1018 1317 vrbem
1034 1276 1272 1318 condidisse.
1335 1278 1410 1320 In-

63 1351 308 1392 habitabant
344 1349 459 1390 illam
481 1358 572 1388 tum
594 1348 785 1389 Thraces
808 1348 971 1406 Crusaei
991 1347 1055 1389 vel
1081 1348 1266 1405 Crffless
1299 1348 1411 1392 fidis-

65 1421 155 1464 fimi
196 1422 483 1462 Troianorum
516 1421 630 1462 socii.
693 1421 807 1462 Haec
840 1420 1068 1477 Dionysius
1105 1435 1156 1461 ex
1191 1420 1415 1463 Hellanico

64 1481 186 1555 docet
220 1495 295 1541 lib.
328 1493 365 1545 I,
397 1508 449 1548 47
473 1504 604 1549 et49.
629 1495 684 1535 cf.
710 1494 865 1535 Herod.
900 1493 1009 1546 VII,
1046 1508 1139 1551 123·
1164 1494 1408 1536 et1b1VV.

65 1566 175 1609 DD.
239 1567 449 1626 C1‘57ifi’cs
436 1566 609 1609 Thracas
632 1568 830 1625 scriptum
848 1567 984 1608 videas
1005 1581 1069 1619 ap-
1094 1565 1299 1619 Pompon.
1315 1565 1410 1606 Sab.

65 1622 114 1681 ad
137 1642 246 1681 Aen.
272 1638 355 1680 III.
379 1654 438 1694 pr.
464 1640 525 1680 sed
549 1641 635 1682 eius
658 1650 746 1680 tota
765 1650 863 1680 nota
879 1654 928 1679 ex
947 1638 1148 1694 Dionysio
1161 1638 1216 1679 est
1232 1639 1411 1693 descrip-

63 1724 122 1770 ta,
154 1729 204 1754 ex
225 1728 288 1753 eo
278 1728 357 1767 que
378 1712 657 1761 emendanda3
681 1712 739 1751 vti
763 1711 887 1751 altera
908 1711 955 1750 ad
972 1727 1010 1751 v.
1039 1725 1103 1765 17.
1127 1726 1176 1752 ex
1199 1711 1412 1752 Herodoto

63 1786 93 1836 1.
118 1800 155 1827 c.
219 1785 260 1826 Si
296 1786 453 1825 mireris
491 1785 611 1835 forte,
645 1799 718 1824 cur
754 1783 861 1824 inter
883 1783 1166 1824 Troianorum
1200 1785 1328 1826 socios
1361 1785 1410 1825 ab

65 1858 251 1915 Homero
284 1858 346 1898 illi
381 1857 548 1907 Crusaei
581 1871 666 1897 non
698 1857 912 1896 memorati
941 1856 1034 1906 sint,
1066 1857 1310 1907 tenendum,
1341 1871 1410 1898 eos

65 1932 108 1988 in
145 1930 355 1972 Paeonum
388 1931 555 1979 nomine
591 1931 716 1970 latere
749 1929 874 1970 videri
907 1929 957 1968 ab
991 1927 1104 1968 Axio
1139 1928 1179 1968 fl.
1216 1938 1412 1968 euocatos

66 2001 118 2044 Il.
142 2005 181 2048 Β,
213 2003 293 2061 848
318 2003 376 2058 sq.
441 2002 492 2043 In
515 2002 682 2043 Pallene
703 2003 868 2045 Aeneae
893 2001 1109 2055 appulsum
1130 2001 1255 2041 etiarn
1275 2001 1409 2042 collo-

65 2060 132 2132 eat
173 2075 428 2132 Lycophron
471 2077 706 2132 1236—38.
769 2075 901 2126 Nam,
948 2088 1071 2128 quam
1112 2074 1183 2114 ille
1217 2074 1412 2116 habitasse

64 2150 238 2199 dicitur,
272 2148 477 2197 Rhaecelos
507 2147 555 2186 ad
592 2145 751 2197 Ciffum
780 2158 963 2187 montem
997 2148 1106 2187 circa
1141 2148 1318 2188 Aeniam
1339 2147 1410 2188 fita

64 2221 140 2262 effe
161 2222 316 2262 debuit.
379 2237 418 2260 v.
445 2218 584 2260 Schol.
622 2218 669 2257 ad
691 2233 726 2258 e.
760 2217 789 2260 l·
827 2228 868 2258 ct
900 2217 1003 2273 VV.
1036 2218 1144 2275 DD.¹
1183 2220 1229 2260 ad
1264 2219 1407 2273 Steph.

64 2295 107 2346 h.
131 2309 170 2334 v.
195 2303 235 2334 et
265 2308 360 2334 mox
384 2292 597 2347 Almopiam
629 2305 701 2345 pro
732 2289 984 2332 Macedonia
1012 2302 1224 2333 memorat.
1288 2293 1409 2333 Hanc

66 2367 244 2407 Aeniam
265 2364 463 2407 Aeneadas
480 2379 646 2418 quoque
661 2364 882 2417 appellatas
907 2364 1124 2418 (Αἰνειάόας)
1143 2379 1193 2405 ex
1212 2365 1408 2415 Theone‚

15 2485 22 2490 ,
65 2450 200 2480 vetere
237 2437 527 2494 Lycophronis
564 2435 807 2486 Scholiasta,
842 2438 1004 2495 notauit
1037 2436 1179 2492 Steph.
1220 2435 1328 2491 Byz.
1365 2437 1407 2477 in

63 2516 191 2554 Αἴνεια.
254 2511 481 2566 νεῑίοῐεῐη
501 2511 606 2550 hanc
631 2509 679 2548 de
701 2510 835 2561 Aenia
857 2507 1042 2548 Pallenes
1067 2509 1116 2548 ab
1139 2509 1280 2548 Aenea
1303 2523 1407 2548 con-

63 2585 151 2637 dita
190 2585 465 2625 narrationem
509 2581 707 2632 diximus,
749 2591 960 2634 propterea
995 2580 1105 2635 quod
1142 2579 1409 2621 vetustiorum

63 2658 278 2699 angiorum
306 2657 384 2698 fide
405 2656 569 2715 nititur,
602 2664 642 2694 et
670 2654 799 2708 quod,
832 2667 958 2708 quare
989 2654 1031 2693 in
1053 2652 1222 2693 alteram
1251 2662 1409 2694 mutata

65 2731 205 2782 fuerit,
253 2731 374 2772 facile
425 2729 693 2784 intelligitur,
741 2728 940 2782 quoniam
979 2726 1175 2766 nimirum
1217 2726 1406 2768 Thraces

61 2803 186 2845 etiarn
207 2801 404 2844 Pallenen
423 2801 590 2845 tenuiffe
609 2801 890 2857 ignorabatur.
954 2799 1030 2842 Sed
1047 2801 1168 2842 ctiam
1186 2799 1313 2841 altera
1335 2801 1407 2845 illa

1198 2872 1408 2928 Thraciae
