1685 3093
219 167 300 222 380
529 158 1250 206 ExcvRsvs

218 269 383 311 claritas
403 280 450 306 ac
474 265 598 315 fama,
617 273 707 304 tum
728 264 812 317 ipsa
833 265 888 305 rei
910 266 1014 307 ratio
1034 281 1082 307 ac
1104 269 1326 309 neceffitas.
1389 269 1517 326 Quod
1535 272 1564 314 fi

217 344 329 384 enim
381 339 500 380 semel
549 337 766 391 appulsum
808 336 1094 380 Troianorum
1130 340 1178 380 ad
1221 340 1478 399 Carthagini>
1497 348 1562 385 nse:

218 417 320 457 litus
347 411 659 469 praeferendum
685 408 761 449 effe
788 409 969 460 videbat,
1006 410 1049 450 in
1083 420 1166 451 tarn
1193 415 1363 469 antiqua
1396 418 1442 456 dc
1476 422 1561 457 Λυ-

216 502 315 530 neae
363 485 568 526 erroribus
609 481 791 532 historia,
843 497 952 536 quae
990 481 1258 540 Carthaginis
1311 488 1564 530 incunabula

216 562 518 607 anteuertebat‚
549 555 651 611 quid
678 554 726 594 de
757 556 832 594 hac
863 556 960 595 vrbe
989 555 1101 596 aliud
1133 561 1349 599 mernor-tri
1389 574 1562 613 poterat,

217 646 344 687 quam
385 629 468 684 ipsa
515 628 603 667 eius
645 624 903 680 primordia?
981 626 1123 681 Qiam
1163 644 1439 682 “ppurmuum
1486 652 1562 674 4212-

213 714 298 745 tem
338 703 389 743 ad
435 701 640 756 poeticam
684 697 972 739 “adustionem
1019 700 1082 740 vel
1126 701 1168 740 in
1216 706 1333 754 <pico
1381 709 1564 747 carmine

214 784 507 832 argumentum
547 771 643 812 effet
678 786 808 822 amor,
849 771 1068 824 Apollonii
1103 782 1293 829 exemplo
1334 780 1563 833 iou-iligere

214 856 392 904 poterat,
436 845 509 901 qui
545 845 658 885 hunc
699 844 868 898 quidem
904 845 1044 885 locum
1082 846 1125 885 in
1162 846 1335 888 Med·.-.›.‹.:
1375 866 1414 889 est
1450 850 1563 891 Iaso-

214 922 281 976 nis
315 919 526 962 amoribus
562 917 725 973 egregie
765 916 948 958 traetaffe
987 918 1115 959 videri
1152 919 1284 960 debet„
1350 921 1425 961 sed
1460 923 1563 963 Vis-

212 993 341 1051 gilius
361 1003 403 1032 et
432 991 554 1033 illum
580 1000 621 1030 et
641 989 774 1044 ipsum
795 989 1026 1031 Homerum
1048 990 1170 1046 longe
1193 992 1278 1046 post
1303 995 1336 1033 sc
1361 996 1562 1048 irsliquiss‘e

210 1066 446 1115 dicendus3
477 1064 587 1119 quod
620 1063 805 1119 quidem,
836 1061 864 1103 sl
894 1061 1002 1103 reete
1026 1062 1186 1114 iudico,
1216 1064 1376 1106 duobua¹
1409 1068 1563 1119 fritiffi·

213 1152 330 1180 mum
371 1136 504 1178 modis
539 1133 775 1189 assequutus
813 1135 888 1187 est,
938 1136 1088 1189 partim
1128 1137 1238 1191 quod
1277 1137 1561 1193 Tragicorum

211 1211 461 1268 grauitatem
495 1222 542 1249 ac
576 1208 876 1249 vehementiam
905 1208 1036 1262 sequi,
1072 1209 1221 1262 partim
1249 1209 1359 1262 quod
1397 1211 1446 1252 ab
1487 1212 1561 1253 he-

211 1285 317 1335 roici
338 1283 464 1325 moris
487 1275 753 1336 ‘simplicitate
774 1281 822 1321 ad
853 1280 1166 1321 elaboratiorem
1187 1295 1233 1321 ac
1255 1281 1473 1323 cultiorem
1495 1285 1560 1324 vi-

211 1368 296 1401 tam
316 1356 526 1398 defleeoere
558 1354 727 1405 maluit,
758 1368 841 1408 qua
871 1353 1031 1393 decoris
1061 1363 1103 1394 et
1129 1353 1352 1394 honestatis
1381 1355 1560 1396 alicuius

210 1429 489 1486 exquisitioris
522 1430 736 1481 famaeque
766 1426 929 1466 laudem
960 1423 1206 1479 propositam
1227 1423 1297 1465 fibi
1323 1426 1475 1467 habent
1497 1429 1559 1468 se·-

209 1506 360 1547 minae.
423 1502 473 1543 In
497 1512 588 1541 toto
613 1501 725 1540 enirn
754 1497 938 1538 Homero
972 1506 1012 1537 et
1038 1512 1090 1538 ex
1121 1497 1334 1538 Homerici
1364 1502 1560 1552 temporis

208 1577 326 1621 sensu
347 1589 461 1616 amor
483 1587 627 1630 parum
651 1572 823 1618 idoneus
843 1570 899 1611 est
919 1570 966 1610 ad
990 1570 1135 1627 pathos
1157 1570 1433 1612 inserendum.

266 1650 391 1705 Quae
423 1662 447 1687 a
473 1646 593 1687 nobis
621 1653 941 1686 commemorata
968 1642 994 1683 fi
1022 1643 1117 1697 quis
1149 1644 1288 1685 animo
1315 1644 1560 1697 consideret,

210 1736 285 1764 nae
321 1722 373 1774 is,
411 1730 532 1775 puto,
567 1715 758 1773 Segraefii
791 1716 1050 1770 aliorumque
1083 1716 1258 1756 rationes
1295 1718 1341 1756 ad
1377 1722 1558 1771 poetam,

206 1805 405 1850 tanquam
437 1793 508 1847 qui
542 1802 726 1843 tempora
747 1789 1002 1839 confuderit,
1035 1788 1309 1849 turbaritque?
1332 1790 1556 1831 defenden-

208 1868 308 1909 dum
337 1866 499 1914 allatas,
532 1878 657 1904 vanas
679 1863 761 1902 fere
783 1872 853 1901 aut
878 1860 1079 1912 infirmas,
1111 1876 1194 1902 non
1217 1877 1463 1918 magnopere
1485 1865 1557 1905 de-

208 1939 412 1982 fiderabit.
475 1934 780 1979 DeleAEtationis
818 1933 909 1973 sane
941 1935 1076 1986 potior
1111 1935 1297 1977 habenda
1326 1936 1381 1978 est
1415 1947 1557 1990 poetae

206 2013 313 2055 ratio
333 2026 457 2066 quam
479 2008 694 2049 historicae
721 2007 902 2046 veritatis
922 2024 934 2056 3
986 2017 1026 2047 et
1047 2006 1074 2048 si
1095 2008 1305 2048 doetrinae
1336 2009 1424 2049 laus
1457 2014 1557 2062 poe·

207 2096 292 2128 tam
320 2083 456 2132 decet,
493 2095 576 2120 non
606 2088 744 2118 tamen
777 2079 849 2119 illa
883 2094 932 2118 ex
962 2088 1193 2134 temporum
1226 2081 1363 2121 subtili
1396 2083 1555 2122 ratione

205 2156 262 2201 est
282 2152 569 2209 exspectanda,
602 2165 678 2191 nec
714 2152 755 2192 in
793 2157 911 2206 poeta
945 2152 1076 2193 vlium
1099 2162 1314 2206 peccatum
1336 2153 1459 2194 habet
1490 2169 1554 2194 re-

208 2227 532 2283 prehensionem,
574 2223 650 2266 nisi
684 2224 794 2278 quod
830 2223 1020 2265 aduersus
1051 2224 1296 2278 praescripta
1327 2226 1427 2266 artis
1463 2226 1556 2267 suae

205 2303 262 2345 est
283 2300 557 2344 commissum.

264 2376 307 2418 Si
339 2386 476 2419 tamen
506 2375 549 2415 in
583 2372 685 2426 ipsas
714 2370 985 2425 Carthaginis
1007 2371 1187 2427 origines
1208 2373 1416 2432 variasque
1437 2373 1554 2427 super

208 2452 260 2492 iis
299 2460 485 2491 veterum
521 2446 775 2488 narrationes
815 2445 1047 2484 accuratius
1087 2445 1296 2499 inquirere
1334 2445 1561 2492 voluissent,

206 2523 286 2563 viri
315 2521 444 2571 doffi,
475 2530 612 2560 totum
635 2518 714 2558 hoc
743 2526 883 2570 poetae
908 2525 1125 2569 peccatum
1150 2527 1190 2557 et
1217 2517 1477 2563 accusatione
1510 2527 1552 2558 et

204 2594 441 2639 defensione
471 2607 616 2634 vacare
646 2590 901 2643 omninoque
931 2588 1005 2629 effe
1028 2588 1194 2629 nullum
1215 2589 1336 2630 facile
1356 2589 1552 2631 intellex-

209 2667 341 2714 iss‘ent.
403 2666 519 2712 Tam
555 2664 712 2708 diuerse
745 2661 862 2706 ,enim
894 2660 943 2702 de
975 2659 1144 2707 condita
1178 2659 1432 2717 Carthagine
1466 2673 1551 2702 tra-

820 2748 827 2754 ’
1442 2735 1551 2778 ditur
