1685 3093
281 148 677 199 TRACTAT.
728 149 1260 196 INVENTIONE.
1375 170 1434 211 49

84 260 361 304 diuerfitatem
392 258 640 303 narrationis
675 260 719 300 in
750 257 992 299 consensum
1023 257 1271 312 redigamus,
1304 273 1430 314 quam

84 344 131 376 vt
164 334 326 388 copiam
360 347 496 373 rerum
526 341 800 382 narratarum,
841 345 947 386 quae
981 340 1124 385 poetae
1155 346 1228 385 pro
1259 333 1431 372 materia

83 407 281 448 carminis
309 404 422 457 esset,
461 420 513 447 ex
546 405 623 446 hac
655 403 738 459 ipsa
768 405 962 445 varietate
991 404 1258 445 declaremus.
1323 404 1431 446 Sunt

82 488 222 520 autem
252 478 402 530 multa,
434 492 539 533 quae
567 475 639 518 etfi
669 477 720 517 ab
747 475 839 517 aliis
867 476 947 517 alia
967 478 1122 518 ratione
1143 477 1359 518 tradantur
1389 486 1433 518 et

80 560 302 602 ornentur,
334 549 512 592 fundum
532 560 670 591 tamen
690 564 954 591 communem
976 551 1129 604 priseae
1150 551 1326 592 alicuius
1347 561 1388 591 et
1409 565 1433 591 a

81 624 307 665 maioribus
328 633 517 677 acceptae
542 623 791 664 narrationis
812 633 949 676 aperte
973 624 1146 676 prodant
1165 642 1178 673 3
1213 624 1307 664 sunt
1329 625 1428 674 alia,

81 695 127 735 In
149 696 303 750 quibus
323 709 466 736 omnes
483 695 563 736 fere
585 695 862 744 conueniunt,
885 704 929 734 vt
952 693 1231 747 Callistratus,
1256 694 1430 752 Satyrus

79 778 121 809 et
161 768 383 820 Aritinus,
428 769 495 809 hic
536 767 700 822 quidem
736 767 1058 820 antiquiffimus,
1104 768 1147 807 in
1189 770 1284 818 hoc,
1319 767 1431 822 quod

82 841 244 881 Aeneas
266 839 437 882 Penates
459 855 556 881 curn
579 838 764 880 Palladio
794 839 1021 879 abstulerit.
1059 839 1172 893 (vide
1194 841 1250 880 ib.
1286 856 1323 881 c.
1359 843 1431 884 68.

79 913 151 969 69.
178 914 284 954 adde
305 912 518 970 Lycophr.
548 915 648 955 1261
688 913 776 967 sqq.
840 911 1039 964 Xenoph.
1077 912 1125 952 de
1157 912 1314 953 Venat.
1346 929 1432 956 non

79 985 206 1042 longe
222 1001 244 1027 a
261 986 347 1041 pr.)
371 988 484 1042 quod
507 998 661 1041 patrem
681 996 722 1027 et
742 985 876 1026 filium
899 985 1034 1025 secum
1049 985 1227 1025 duxerit.
1255 987 1316 1040 (v.
1338 1001 1432 1040 par-

78 1060 158 1100 tim
180 1060 280 1100 ibid.
316 1060 466 1114 partim
488 1059 616 1099 Auei.
640 1058 688 1097 de
712 1057 837 1110 Orig.
863 1054 925 1097 G.
950 1056 1076 1096 Rom.
1100 1071 1137 1096 c.
1162 1072 1202 1112 9.
1226 1068 1266 1097 et
1292 1062 1356 1099 11.
1390 1067 1434 1098 et

78 1132 272 1186 inprimis
311 1131 499 1187 egregius
533 1144 585 1170 ex
636 1127 856 1183 Sophoclis
906 1126 1147 1168 Laocoonte
1197 1129 1314 1171 locus
1364 1146 1430 1184 ap.

80 1201 262 1259 Dionys·
294 1201 333 1254 1,
361 1205 432 1257 48·
493 1213 560 1246 Νῦν
587 1207 618 1245 δ’
650 1211 677 1246 ἐν
706 1208 867 1245 πύλαισιν
895 1210 1025 1250 Αἷνεῖοις
1062 1212 1076 1244 ὁ
1102 1211 1159 1250 τῆς
1181 1207 1259 1244 θεοῦ
1286 1210 1433 1260 fidia),

78 1274 136 1313 ἐπ’
152 1273 242 1324 ὦμων
269 1276 390 1325 πατέρ’
418 1274 501 1323 ἔχων
525 1277 691 1327 κεξαυνίου
713 1275 829 1313 Νῶτου
859 1273 1104 1322 navas-&Coma
1131 1276 1285 1317 βύσσινον
1313 1280 1431 1328 φεὲξος.

77 1341 195 1383 conf.
220 1341 298 1381 inf.
322 1339 431 1381 Exc.
454 1341 503 1381 ad
526 1340 588 1393 II,
612 1343 734 1399 721.)
797 1345 838 1385 A
869 1343 1070 1385 Strabone
1100 1341 1232 1384 XIII.
1267 1359 1307 1398 p.
1333 1345 1431 1401 607.

78 1415 189 1457 inter
223 1410 480 1472 πολυθξύλλητα
514 1427 766 1457 memoratur
796 1428 838 1458 et
868 1418 964 1468 hoc,
996 1427 1036 1458 et
1064 1417 1160 1467 alia,
1201 1417 1250 1457 de
1279 1417 1433 1471 quibus

77 1487 292 1546 sigillatim
321 1489 403 1530 suis
432 1488 536 1529 locis
564 1488 817 1540 videbimus,
850 1490 1121 1544 inprimisque
1146 1490 1257 1544 quod
1280 1491 1322 1530 in
1347 1489 1435 1531 La-

77 1562 187 1603 tium
224 1560 446 1602 discesserit
481 1561 660 1612 Aeneas,
693 1572 734 1602 et
763 1563 986 1603 secundum
1017 1563 1231 1603 oraculum
1261 1578 1310 1603 eo
1339 1563 1436 1603 loco

79 1635 326 1685 consederit,
376 1635 446 1675 vbi
494 1635 676 1674 mensam
715 1635 991 1676 comederant.
1055 1634 1286 1691 Vulgarern
1326 1636 1435 1676 hanc

80 1710 188 1751 inter
210 1708 338 1749 Italos
361 1706 477 1748 fuiffe
500 1707 699 1757 fabulam,
733 1717 777 1748 vt
798 1718 836 1747 et
858 1707 1027 1748 alteram
1051 1708 1165 1749 illam
1183 1709 1231 1748 de
1255 1709 1320 1749 sue
1338 1724 1433 1764 gra-

79 1782 194 1833 uida,
235 1782 399 1835 copiose
429 1780 550 1820 docet
582 1778 759 1835 Dionys.
799 1780 938 1821 Halic.
972 1779 1010 1830 I,
1045 1794 1115 1836 55,
1147 1781 1216 1836 56.
1280 1780 1435 1822 Conon

79 1853 249 1894 Narrat.
274 1853 345 1907 46.
380 1861 422 1894 et
454 1866 506 1892 ex
538 1849 727 1902 Lutatio,
762 1852 926 1894 Catone
946 1863 986 1894 et
1008 1853 1181 1894 Caesare
1205 1854 1365 1894 Auctor
1385 1854 1435 1894 de

80 1924 206 1983 Orig.
232 1924 293 1968 G.
319 1924 375 1966 R.
410 1940 448 1965 c.
477 1938 542 1966 11.
567 1938 631 1967 12.
665 1941 686 1965 e
708 1941 791 1980 quo
812 1928 986 1968 omnino
1008 1938 1119 1981 patet
1153 1926 1274 1980 (adde
1292 1925 1434 1982 Ryck.

78 1999 109 2040 l.
132 1999 195 2052 e.)
229 2013 279 2039 ex
314 1997 584 2051 scriptoribus
615 1995 819 2038 Romanis
840 1999 1026 2052 antiquis
1047 2014 1131 2039 non
1155 1999 1277 2039 facile
1298 1999 1434 2039 vllam

76 2071 214 2123 fuiss‘e,
248 2072 319 2127 qui
346 2071 510 2111 Aeneae
532 2070 616 2110 fata
646 2080 686 2108 et
714 2070 941 2109 aduentum
972 2071 1015 2110 in
1045 2070 1209 2111 Italiam
1240 2086 1325 2112 non
1357 2086 1431 2112 ex-

79 2145 277 2199 posuerit.
318 2142 424 2184 Item
441 2141 575 2183 Varro
597 2143 644 2183 de
659 2141 758 2183 RR.
784 2141 846 2193 II,
869 2157 909 2197 4.
945 2143 1063 2183 Adde
1081 2142 1296 2200 Lycophr.
1326 2158 1436 2198 1250

76 2218 168 2272 sqq.
197 2217 287 2272 (vbi
307 2215 413 2256 male
435 2217 577 2266 πύςγους
597 2216 776 2266 τςιάκοντοι
806 2218 1008 2270 iungunt,
1038 2216 1120 2256 iam
1142 2215 1235 2256 inde
1253 2230 1274 2254 a
1296 2215 1430 2255 Scho-

78 2290 192 2332 liaste
212 2308 224 2340 ;
258 2289 321 2330 sed
345 2303 413 2342 per
438 2288 579 2338 πύργους
600 2290 751 2342 exponi
774 2298 873 2343 puta
892 2288 1023 2340 χώραν,
1055 2301 1094 2330 et
1115 2289 1280 2339 *remim-st
1307 2288 1435 2338 2:320&-

77 2363 190 2413 μῆσας
209 2365 305 2412 γονὰς
336 2361 384 2401 ad
408 2363 518 2402 suem
540 2362 757 2416 speffi‘tare.)
793 2361 908 2403 Inter
929 2373 1062 2402 cetera
1083 2373 1220 2403 tamen
1243 2364 1435 2402 omnium

79 2432 258 2473 maxime
298 2434 481 2474 notabile
513 2434 676 2475 videtur
712 2434 835 2486 illud,
879 2436 990 2489 quod
1024 2433 1181 2476 Graeci
1218 2435 1433 2487 scriptores

80 2504 236 2545 dudum
272 2516 367 2546 ante
409 2506 587 2562 Augusti
624 2518 808 2561 tempora
847 2508 1052 2562 originem
1090 2505 1379 2548 Romanorum
1412 2521 1436 2546 a

80 2575 285 2618 Troianis
307 2579 533 2634 Aeneaque
550 2579 774 2629 duxerunt,
797 2589 838 2619 et
861 2580 1078 2633 imperium
1102 2579 1213 2619 orbis
1232 2590 1433 2619 terrarum

75 2662 127 2688 ex
168 2648 404 2692 Homericis
442 2652 490 2691 de
531 2652 673 2691 Aenea
710 2650 888 2691 versibus
925 2650 972 2689 ad
1008 2664 1077 2690 eos
1115 2649 1431 2699 transtulerunt,

79 2735 118 2761 v.
137 2719 288 2762 Conon
311 2722 481 2763 Narrat.
504 2724 575 2776 46.
598 2733 637 2762 et
660 2723 849 2776 inprimis
868 2721 1121 2777 Lycophron
1142 2739 1180 2763 v.
1211 2724 1316 2764 1226
1341 2723 1430 2776 sqq.

81 2794 346 2848 Apponercm
364 2796 471 2847 loca,
506 2795 581 2838 nifi
603 2796 795 2843 breuitati
821 2795 1047 2843 studerem3
1080 2795 1156 2834 crit
1177 2795 1301 2834 etiam
1324 2808 1434 2834 non·-

138 2864 257 2907 Vor..
284 2865 343 2907 II.
804 2866 838 2907 E
1316 2867 1436 2907 nulia
