1685 3093
227 135 323 181 DE
367 132 603 179 cARM.
652 135 887 182 EPIco
934 131 1236 186 VIRGIL.
1357 157 1412 204 29

66 270 109 304 et
147 271 437 316 argumentum
473 261 774 314 praebuerant3
808 278 913 317 quae
945 263 973 304 fi
1005 265 1054 305 ad
1077 275 1261 319 tempora
1282 265 1416 308 nostra

68 333 360 391 peruenissent,
394 334 512 388 plura
543 335 649 374 forte
671 333 836 388 vestigia
859 336 901 375 in
927 337 975 376 iis
997 338 1413 391 deprehenderemus,

64 409 217 464 quibus
241 406 447 462 Virgilius
470 407 695 455 institerat3
729 407 1128 470 quandoquidemjn
1151 409 1270 451 simili
1290 427 1414 467 argu-

64 488 208 522 mento
231 495 328 521 cum
353 481 401 520 iis
428 479 519 534 ipsis
537 476 783 519 versabatur.
847 479 923 521 Sed
955 483 1116 524 eaedem
1140 483 1325 525 historiae
1348 486 1416 526 seu

63 553 229 595 fabulae
256 553 304 593 de
324 553 585 592 Achiuorum
607 551 740 590 reditu
765 566 937 607 magnae
958 554 1257 609 tragoediarum
1275 554 1415 597 Grae-

62 641 206 668 carum
235 627 339 681 parti
374 626 585 666 materiam
616 620 886 674 subiecerant,
919 635 964 666 vt
992 627 1180 680 inprimis
1212 643 1262 669 ex
1284 629 1413 670 Euri-

62 698 156 753 pide
179 707 362 752 apparet,
395 707 436 736 et
456 696 589 737 multo
610 697 740 751 magis
770 711 820 736 ex
848 707 910 737 tot
941 698 1246 752 deperditarum
1277 702 1415 743 titulis

62 769 330 825 intelligitur.
393 767 460 809 Ex
493 765 752 809 Graecorum
777 779 916 810 autem
947 771 1187 827 tragoediis,
1220 773 1414 828 inprimis

62 841 296 896 Euripidis,
327 842 500 882 omnino
532 851 694 895 poetam
717 839 945 894 plurimum
967 843 1179 897 profecisse
1201 861 1251 887 ex
1281 847 1416 902 iisque

59 915 262 955 orationis
300 915 390 954 suae
425 914 670 969 dignitatem
698 916 835 968 paffim
870 925 912 955 et
944 917 1212 970 maiestatem,
1246 919 1414 961 senten-

60 989 216 1028 tiarum
252 1001 421 1042 quoque
453 987 616 1040 pathos,
649 987 860 1027 interdum
897 990 1056 1044 tragico
1091 993 1280 1046 propius,
1311 993 1416 1035 affe-

62 1061 292 1114 &tuumque
354 1058 600 1113 grauitatem
659 1059 878 1114 tragicam,
934 1073 980 1101 vt
1036 1064 1079 1103 in
1138 1066 1309 1117 Amata,
1369 1069 1416 1108 in

60 1131 251 1182 Didone,
285 1132 327 1172 in
372 1129 579 1182 Pallante,
630 1132 673 1172 in
707 1131 815 1172 Niso
853 1143 895 1173 et
930 1135 1131 1192 Euryalo,
1165 1140 1416 1194 comparasse

60 1204 253 1258 suspicari
300 1204 400 1248 licet
425 1205 468 1245 ἦε.
545 1203 707 1260 Magna
741 1220 882 1246 earum
930 1222 1020 1262 pars
1068 1224 1091 1249 a
1137 1211 1413 1266 superioribus

61 1278 193 1333 poetis
213 1278 344 1320 latine
367 1279 448 1318 iam
478 1288 562 1318 erat
583 1278 741 1318 reddita
759 1297 771 1328 3
805 1294 909 1333 quae
931 1295 989 1321 res
1007 1292 1150 1335 poetae
1164 1298 1247 1324 non
1266 1300 1414 1339 parum

59 1351 288 1391 adiumenti
313 1351 361 1391 ad
389 1351 592 1391 orationis
614 1351 778 1391 cultum
799 1362 840 1392 et
861 1354 1023 1408 copiam
1044 1354 1188 1396 afferre
1209 1357 1369 1399 debuit.

118 1422 350 1465 Veniamus
393 1424 441 1463 ad
481 1424 679 1465 dileetum
720 1425 762 1465 in
808 1426 947 1477 heroe,
994 1443 1117 1484 quem
1158 1429 1228 1472 fibi
1273 1431 1413 1473 sumslt

58 1506 197 1551 poeta,
242 1497 413 1537 saetam.
476 1496 662 1537 Primum
702 1499 872 1552 persona
903 1502 1009 1552 eius,
1043 1517 1191 1556 genus,
1226 1504 1411 1557 fortuna,

57 1583 216 1613 nomen
246 1585 293 1610 ac
315 1571 447 1611 virtus
477 1579 519 1610 et
553 1570 655 1610 olim
691 1586 817 1611 vnum
849 1587 1055 1627 quemque
1091 1575 1315 1617 liberaliter
1345 1579 1412 1618 in-

57 1641 247 1683 stitutum
268 1641 450 1695 adeoque
472 1641 693 1681 Homerica
728 1643 904 1683 lectione
937 1645 1144 1687 imbutum
1181 1657 1318 1689 tenere
1340 1649 1413 1689 de-

58 1715 154 1755 buit
172 1724 213 1755 et
245 1729 358 1754 nunc
396 1724 539 1763 tenet3
574 1716 645 1768 qui
669 1716 783 1755 casus
805 1731 899 1756 eum
923 1717 964 1756 in
988 1715 1152 1757 Italiam
1177 1718 1411 1772 adduxerit,

58 1787 210 1828 discere
232 1800 400 1826 auemus
420 1805 431 1836 3
466 1786 752 1827 Troianorum
774 1799 911 1828 autem
932 1803 953 1829 e
975 1791 1107 1843 patria
1128 1792 1293 1832 incensa
1314 1807 1411 1845 pro-

58 1860 256 1915 fagorum
292 1859 376 1899 fata
410 1858 601 1898 lubenter
635 1861 939 1914 cognoscimus.
1014 1861 1163 1917 Longa
1197 1866 1414 1920 nauigatio

58 1947 130 1986 per
160 1946 270 1972 mare
306 1931 378 1972 ista
407 1940 536 1970 aetate
559 1946 701 1984 parum
724 1934 900 1974 nauibus
923 1935 1233 1990 frequentatum
1255 1938 1302 1977 ad
1326 1949 1408 1979 ter-

59 2019 123 2049 ras
155 2005 343 2048 nondum
376 2005 560 2044 humano
597 2005 734 2055 cultu,
768 2022 892 2060 quem
914 2007 1138 2062 aliquando
1170 2021 1412 2064 accepturae

55 2087 191 2128 erant,
223 2077 447 2117 celebratas
487 2077 632 2131 quidni
669 2079 809 2119 locum
839 2081 964 2120 faciat
997 2082 1186 2134 plurimis
1216 2084 1410 2136 periculiS

58 2165 107 2191 ac
144 2150 477 2199 difficultatibus,
509 2150 662 2204 quibus
686 2152 847 2193 Aeneae
871 2155 1001 2194 virtus
1025 2156 1067 2194 in
1097 2155 1412 2199 admirationem

59 2224 120 2264 sui
143 2238 280 2277 rapere
303 2232 460 2275 poterat
479 2220 493 2261 ?
529 2221 701 2262 Infestae
723 2224 817 2262 deae
842 2225 899 2264 ira
921 2226 1137 2282 asperrima
1158 2239 1199 2267 et
1214 2243 1263 2269 ex
1283 2230 1410 2272 altera

59 2306 173 2350 parte
194 2305 256 2336 tot
288 2295 457 2334 deorum
492 2296 675 2335 monitus
710 2298 1057 2360 exspectationem
1094 2301 1256 2341 faciunt
1290 2318 1408 2360 mag-

57 2384 154 2412 nam
172 2377 215 2419 †.
277 2368 397 2425 Quae
418 2369 555 2408 omnia
575 2382 671 2410 cum
693 2369 740 2412 ad
762 2385 898 2412 rerum
926 2372 1272 2429 magnitudinem,
1303 2389 1409 2430 quae

1223 2447 1411 2491 animum

116 2682 137 2702 '
167 2677 232 2716 Cf.
256 2678 304 2716 ad
324 2678 392 2716 lib.
415 2678 467 2715 II.
492 2679 582 2716 Exc.
606 2680 636 2716 1.
655 2692 693 2731 p.
717 2692 788 2730 227
806 2689 844 2715 et
864 2678 1064 2717 aliislocis.

114 2738 139 2778 †
168 2731 376 2782 Singularis
400 2732 448 2768 est
467 2731 731 2769 Marmontelii
751 2731 905 2769 censura
926 2732 964 2769 in
992 2732 1195 2783 Virgilium
1219 2735 1407 2787 (Poetique

61 2784 192 2832 Franf.
226 2784 279 2821 T.
315 2784 365 2820 11.
399 2797 437 2833 p.
475 2787 583 2834 237.)
626 2784 691 2822 soli
725 2783 969 2834 superstitioni
1017 2784 1300 2834 superstructum
1333 2789 1405 2826 effe

61 2838 214 2875 Aeneae
245 2836 286 2874 in
313 2835 460 2875 Italiam
492 2839 715 2881 aduentum,
747 2837 914 2888 adeoque
944 2836 1011 2875 nifi
1031 2837 1077 2875 ad
1099 2839 1244 2876 animos
1275 2838 1404 2889 super-

1254 2891 1403 2931 stitione
