1685 3093
264 126 349 181 284
531 122 580 165 P.
604 123 830 164 VIRGILII
862 118 1095 169 MAR0N1s
1126 121 1320 166 Aenus.
1439 123 1538 167 Lib.
1563 140 1604 182 3.

260 226 373 268 Cum
396 226 530 266 subito
549 239 571 265 e
590 225 715 274 savis,
748 225 878 266 macie
900 226 1088 267 confee’ta
1110 228 1310 281 suprema,
1523 242 1607 285 590

263 299 407 355 Ignoti
431 313 538 339 nova
556 299 692 358 sorma
712 298 790 338 viri
812 298 1119 353 miserandaque
1141 301 1262 340 cultu

261 371 471 421 Procedit,
505 370 757 426 supplexque
779 386 924 412 manus
944 372 991 411 ad
1014 371 1154 412 littora
1174 372 1320 414 tendit.

262 442 538 496 Respicimus.
600 442 687 482 dira
707 443 889 496 illuvies,
924 443 1166 499 inmissaque
1188 445 1330 496 barba,

263 513 514 556 Consertum
536 524 729 570 tegumen
753 516 878 570 spinis
897 531 906 557 :
941 527 981 556 at
1002 527 1137 556 cetera
1160 514 1336 566 Graius,

264 587 325 629 Et
343 588 553 642 quondam
575 589 718 642 patriis
739 588 787 627 ad
810 588 988 644 Trojam
1011 587 1150 629 missus
1172 588 1215 627 in
1238 587 1375 627 armis.
1529 600 1612 644 595

264 659 387 714 Isque
409 660 479 701 ubi
502 659 735 701 Dardanios
757 661 922 700 habitus
941 671 981 700 et
1003 659 1138 700 Troi'a
1160 659 1265 699 vidit

265 732 399 773 Arma
419 731 562 785 procul
583 751 595 782 3
627 731 818 785 paullum
841 733 1001 786 aspeffl
1025 733 1278 773 conterritus
1300 731 1443 782 haesit,

267 801 582 865 Continuitque
606 805 781 859 gradum
804 821 811 845 :
847 821 945 846 mox
966 806 1044 846 sese
1066 805 1113 845 ad
1140 805 1261 846 litora
1284 819 1476 860 praeceps

269 875 384 919 Cum
407 879 504 919 fletu
529 879 797 932 precibusque
820 878 933 918 tulit.
996 876 1074 917 Per
1095 876 1218 918 sidera
1240 878 1378 930 testor,

267 949 349 993 Per
371 952 549 1005 superos,
581 961 705 1005 atque
726 952 805 991 hoc
828 950 928 991 caeli
953 950 1141 1004 spirabile
1163 951 1301 990 lumen
1321 969 1334 1000 3
1537 949 1619 991 6c0
1680 979 1685 992 .

269 1023 439 1065 Tollite
459 1039 542 1074 me,
575 1023 735 1064 Teucri
757 1038 765 1063 :
801 1024 1083 1078 quascumque
1105 1023 1296 1063 abducite
1319 1033 1459 1063 terras.

272 1097 367 1138 Hoc
391 1097 447 1137 sat
467 1097 559 1136 erit.
623 1097 704 1137 scio
725 1112 788 1136 me
810 1095 971 1137 Danais
992 1112 1013 1136 e
1035 1096 1223 1138 classibus
1244 1111 1393 1148 unum,

270 1169 329 1212 Et
351 1169 462 1211 bello
484 1168 634 1210 Iliacos
657 1171 787 1210 fateor
807 1168 961 1224 petiisse
982 1169 1169 1211 Penates.

273 1243 359 1288 Pro
378 1258 480 1298 quo,
513 1241 540 1283 fi
563 1241 722 1282 sceleris
744 1250 859 1281 tanta
879 1239 933 1281 est
956 1242 1108 1298 injuria
1130 1241 1274 1292 nostri,

273 1300 466 1372 Spargite
487 1330 551 1356 me
573 1316 615 1356 in
638 1314 804 1363 fluetus,
837 1312 1030 1372 vastoque
1053 1313 1272 1369 inmergite
1295 1321 1436 1365 ponto.
1540 1313 1621 1366 605

277 1389 322 1432 Si
346 1404 481 1444 pereo,
514 1389 732 1429 hominum
754 1387 944 1427 manibus
968 1385 1122 1440 periisse
1139 1385 1320 1442 juvabit.

275 1461 458 1504 Dixerat
477 1475 487 1500 t
519 1470 561 1500 et
581 1473 715 1515 genua
736 1458 966 1511 amplexus,
999 1458 1254 1512 genibusque
1276 1457 1472 1496 volutans

275 1534 499 1575 Haerebat.
561 1533 632 1587 qui
657 1531 721 1582 sit,
755 1532 849 1580 fari,
883 1546 967 1584 quo
990 1530 1186 1586 sanguine
1205 1538 1361 1578 cretus,

275 1607 532 1656 Hortamur3
566 1619 670 1659 quae
691 1603 835 1647 deinde
857 1604 963 1659 agit
956 1612 984 1642 t
1004 1603 1187 1652 fortuna,
1221 1601 1352 1658 fateri.

275 1680 368 1746 Ipse
390 1689 503 1736 pater
524 1679 709 1718 dextram
733 1676 952 1727 Anchises,
985 1675 1093 1715 haud
1115 1675 1248 1716 multa
1269 1683 1468 1722 moratus,
1544 1671 1628 1713 610

277 1753 403 1797 Dat
385 1754 561 1810 Juveni3
594 1761 718 1806 atque
742 1750 926 1790 animum
949 1748 1145 1802 praesenti
1170 1748 1340 1802 pIgnore
1361 1745 1511 1797 firmat,

280 1825 362 1867 Ille
383 1827 499 1875 haec,
530 1822 709 1877 deposita
730 1822 897 1862 tandem
921 1821 1158 1870 formidine,
1191 1820 1326 1860 fatur:

287 1899 392 1942 Sum
413 1899 543 1952 patria
562 1913 613 1938 ex
635 1895 797 1946 Ithaca,
829 1909 964 1935 comes
986 1894 1165 1934 infelicis
1188 1893 1327 1942 Ulixi,

287 1971 460 2013 Nomen
482 1969 804 2018 Achemenides,
838 1967 1018 2023 Trojam
1040 1967 1223 2022 genitore
1245 1963 1465 2007 Adamasto

289 2042 472 2098 ,Paupere
497 2040 803 2098 (mansissetque
824 2040 985 2088 utinam
1009 2040 1176 2080 fortuna
1194 2034 1227 2091 !)
1254 2035 1474 2090 profeehss.
1544 2035 1626 2089 615
