1685 3093
273 171 372 216 DE
420 169 652 214 CARM.
700 170 931 215 EPICO
978 170 1278 214 VIRGIL.
1394 188 1450 231 25

105 283 216 340 gulis
238 280 423 335 partibus
445 277 538 320 infit
559 278 607 318 ad
631 286 786 318 mentes
808 277 1077 318 admiratione
1095 295 1177 320 non
1195 279 1277 322 sme
1298 284 1451 339 volup-

105 365 188 397 tate
208 352 422 402 tenendas,
445 351 717 392 considerent.
770 349 1010 403 Exponitur
1031 367 1052 391 a
1074 364 1192 406 poeta
1214 356 1380 398 Aeneae
1400 373 1451 399 ex

105 427 241 468 Troia
263 434 382 479 capta
405 425 586 479 profugi,
621 417 706 476 p'ost
727 423 873 478 longos
896 437 1067 475 errores,
1101 426 1142 466 in
1178 424 1347 469 Latium
1378 431 1450 470 ad-

103 509 256 541 uentus
289 513 312 538 a
342 498 437 538 sitis
469 495 612 536 monff’i
650 508 732 543 tus,
765 504 804 533 et
836 496 1003 536 condita
1033 499 1083 538 ab
1114 514 1163 540 eo
1195 501 1236 540 in
1261 503 1323 542 his
1345 503 1451 545 locis

103 571 392 612 Troianorum
416 570 581 610 colonia
599 581 792 621 nouaque
825 579 962 621 parata
984 570 1108 611 sedes.
1171 572 1282 627 Qis
1314 587 1452 618 autem

101 659 190 686 non
213 643 334 684 facile
358 641 565 695 intelligat
588 642 666 680 iam
689 641 739 679 ab
763 640 902 690 initio,
935 657 1018 682 rem
1042 644 1117 684 esse
1139 661 1350 702 magnam,
1384 665 1450 690 ar—

101 717 245 767 duam,
276 727 317 756 et
337 715 618 756 admirationis
652 714 913 767 aliquantum
945 716 1180 767 habentem,
1212 721 1323 773 quod
1354 737 1452 775 pro-

104 790 229 845 fugus
246 804 296 829 ex
319 789 413 829 vrbe
436 787 598 828 incensa
619 787 770 841 aliquis
793 787 888 828 fatis
911 787 1161 828 ducentibus
1185 791 1227 829 in
1250 801 1332 831 tam
1353 793 1451 834 lon-

101 863 262 918 ginqua
284 875 404 911 terra,
438 862 480 901 in
503 859 646 910 Latio,
678 875 806 900 nouas
829 860 938 901 sedes
961 862 1078 914 ponit
1099 861 1113 902 ?
1175 863 1286 918 Qiis
1305 880 1388 906 non
1408 869 1453 908 in

104 935 272 975 summis
296 932 489 988 periculis
522 947 568 973 ac
589 932 898 972 discriminibus
931 934 972 974 in
1003 936 1270 991 nauigatione
1290 949 1332 979 et
1352 955 1452 981 mox

104 1007 148 1047 in
168 1006 289 1046 Italia
309 1006 479 1046 obieffis
500 1005 953 1052 nouamadmirationis
970 1009 1208 1049 efficiendae
1223 1011 1359 1053 videat
1375 1012 1454 1055 effe

103 1078 342 1120 materiam?
367 1092 442 1117 nec
460 1077 598 1117 minus
618 1077 660 1118 in
678 1076 849 1132 lingulis
866 1078 1061 1118 carminis
1080 1081 1282 1132 partibus,
1301 1083 1342 1123 in
1359 1099 1452 1125 mo-

101 1152 213 1192 tibus
235 1160 275 1191 et
296 1149 513 1190 affetstibus
535 1150 681 1200 animi,
700 1151 742 1189 in
761 1151 961 1200 moribus,
985 1152 1195 1192 sententiis
1217 1153 1230 1192 ?
1261 1165 1304 1195 et
1320 1156 1452 1198 eidem

101 1222 274 1264 consilio
290 1232 652 1263 accommodatum
673 1222 747 1263 esse
778 1223 976 1267 orationis
997 1237 1127 1278 genus
1150 1234 1190 1264 et
1211 1227 1392 1268 colorem
1408 1239 1453 1270 et

100 1306 345 1337 ornamenta
364 1295 378 1335 ?
428 1294 479 1336 In
500 1297 564 1336 his
593 1311 640 1337 ac
662 1295 864 1337 similibus
886 1296 1058 1337 disertus
1080 1296 1155 1338 effe
1176 1299 1309 1352 potest
1330 1301 1453 1343 facile

100 1370 387 1423 ‘unusquisque
408 1369 603 1410 carminis
627 1370 840 1423 interpres.

162 1441 320 1482 Rerum
343 1442 511 1495 quidem
542 1443 887 1484 inueniendarum
909 1443 1072 1483 laudem
1096 1442 1304 1500 Virgilius
1326 1445 1452 1487 habet

101 1514 324 1556 admodum
355 1515 557 1555 diuersam
587 1515 637 1555 ab
668 1514 869 1566 Homero,
903 1530 978 1555 nee
1010 1526 1149 1557 tamen
1186 1518 1346 1559 nullam
1377 1529 1452 1561 aut

100 1587 462 1627 contemnendam.
525 1587 720 1626 Alterum
753 1602 848 1628 cum
877 1602 927 1627 eo
956 1604 1206 1643 comparem,
1239 1592 1310 1645 qui
1336 1607 1450 1634 verae

100 1659 289 1700 historiae
329 1659 639 1698 exornationem
675 1658 858 1711 suscipit,
906 1659 1081 1701 alterum
1125 1677 1221 1702 curn
1258 1662 1448 1705 Milefiae

101 1733 348 1773 narrationis
384 1731 548 1771 aue'tore
571 1732 614 1770 *.
691 1729 862 1771 Scilicet
894 1731 1101 1774 Homerus
1132 1735 1172 1774 id
1203 1737 1368 1792 agebat,
1404 1746 1451 1779 vt

101 1806 379 1845 narrationem
410 1805 464 1844 rei
497 1804 544 1843 ad
575 1804 815 1857 opinionem
838 1819 954 1845 verae
976 1807 1130 1847 tradere
1153 1809 1295 1859 vellet,
1327 1810 1449 1851 cuius

101 1878 351 1919 sublimitate
373 1887 413 1916 et
437 1877 723 1932 magnitudine
745 1878 976 1917 eonta&am
999 1889 1039 1918 et
1061 1880 1353 1922 inflammatam
1372 1883 1447 1924 ha-

101 1950 224 1990 bebat
255 1960 464 1998 mentem3
506 1951 674 2004 propius
710 1951 943 2005 attingebat
965 1962 1149 2006 tempora
1174 1955 1356 2006 heroica,
1381 1957 1447 2011 ip-

103 2022 186 2062 sam
207 2037 343 2062 rerum
366 2023 517 2062 famam
540 2023 798 2077 sequebatur,
823 2024 956 2077 qualis
975 2040 1019 2064 ea
1037 2026 1079 2065 in
1098 2026 1360 2079 popularium
1379 2043 1449 2070 ore

101 2096 327 2145 ferebatur,
361 2097 560 2149 cumipse
582 2107 812 2150 temporum
846 2097 1038 2137 decursus
1070 2098 1209 2137 omnia
1241 2099 1283 2138 in
1315 2101 1452 2140 maius

99 2166 285 2216 auxiss'et,
304 2178 360 2215 et,
374 2177 417 2207 vt
436 2168 477 2206 in
494 2169 692 2208 maiorum
709 2169 826 2209 fastis
842 2179 882 2209 et
897 2170 1019 2223 prisci
1035 2172 1121 2210 aeui
1143 2171 1263 2211 rebus
1282 2170 1366 2212 fieri
1383 2173 1448 2212 so-

99 2240 172 2290 let,
187 2242 367 2279 humana
385 2240 490 2280 faeta
500 2241 546 2280 ad
559 2241 743 2284 diuinam
756 2243 936 2297 aliquam
954 2242 1124 2296 speeiem
1141 2259 1187 2284 ac
1202 2244 1448 2299 dignitatem

96 2312 322 2362 euexifl'et3
364 2313 532 2353 deorum
556 2315 693 2368 itaque
716 2316 951 2355 ministeriis
974 2316 1113 2355 omnia
1129 2318 1446 2372 exsequebatur,

98 2386 298 2440 quoniam
317 2385 457 2439 priscis
472 2386 708 2426 hominibus
722 2388 797 2427 hoc
813 2399 897 2427 erat
912 2389 1157 2442 persuasum,
1173 2392 1366 2431 humanis
1381 2406 1446 2432 rc-

101 2457 177 2499 bus
195 2459 381 2514 gerendis
401 2457 581 2499 interesse
595 2458 689 2498 deos
709 2460 935 2512 praesentes
953 2461 1169 2515 multoque
1184 2465 1315 2518 magis
1331 2479 1446 2517 prae-

101 2530 233 2571 sentes
248 2529 415 2570 adfuisse
429 2531 549 2570 rcbus
565 2531 682 2584 gestis
698 2542 861 2584 patrum
878 2543 1025 2583 aetate,
1047 2535 1213 2575 iniicere
1227 2551 1295 2578 eos
1310 2538 1447 2577 homi-

100 2614 202 2641 num
214 2603 361 2642 animis
375 2603 483 2642 bona
497 2603 557 2642 vel
572 2619 696 2656 praua
707 2604 892 2656 consilia,
908 2607 1086 2648 obiicere
1100 2609 1286 2662 pericula
1300 2625 1347 2650 ac
1361 2610 1444 2651 dis-

109 2687 1451 2708 ———-——-——-—--——-—————-—-.

88 2799 90 2801 ‚
152 2743 174 2763 ⁶
205 2743 388 2794 Egregius
419 2745 468 2781 est
499 2745 542 2785 ad
565 2747 683 2786 animi
704 2749 777 2786 mei
804 2749 1026 2789 sententiam
1056 2751 1322 2792 declarandam
1343 2755 1402 2792 loc
1432 2769 1447 2792 s

98 2792 260 2838 Bacoms
280 2796 326 2832 de
355 2809 483 2847 augm.
507 2799 666 2838 Scientt.
689 2802 758 2839 lib.
782 2803 832 2840 ΙΙ.
863 2816 948 2853 cap.
972 2817 1028 2856 ¹3·
1053 2818 1090 2853 p.
1110 2810 1173 2844 80.
1207 2809 1313 2858 Opp.
1337 2807 1390 2846 T.
1405 2766 1445 2850 li,

100 2858 176 2890 uon
196 2848 525 2899 reprehendendus
547 2852 627 2898 ille,
658 2854 682 2894 fi
703 2855 749 2894 ud
771 2855 915 2907 epicam
937 2857 1064 2908 poesin
1085 2871 1295 2899 reuocetur.

1250 2914 1446 2964 crimina,
