1685 3093
210 134 265 176 90
488 115 535 157 P.
560 114 787 164 Vmouxx
820 90 1052 153 MAR0N1}
1085 111 1279 152 Aemus.
1401 106 1500 149 Lib.
1528 123 1566 151 1.

210 226 276 266 Ac
301 225 426 278 prior,
456 222 588 270 Heus,
613 218 770 272 inquit,
788 217 982 272 juveneS,
1006 213 1226 254 monstrate
1249 226 1432 256 mearum

216 296 390 338 Vidistis
414 294 438 335 si
462 308 586 348 quam
611 292 677 330 hic
699 298 907 328 errantem
930 288 1037 327 forte
1060 286 1259 337 sororum,

217 370 482 411 Siicciiiclaiii
507 366 692 419 pharetra
712 372 753 401 et
773 359 1004 400 maculosae
1025 359 1206 412 tegmine
1227 359 1382 415 lynciS‚

216 448 305 485 Aut
331 440 557 495 spumantis
579 436 664 489 apri
689 434 855 475 cursum
877 432 1056 473 clamore
1080 442 1348 485 prementem.

218 516 284 556 Sic
311 515 481 561 Venus;
513 521 554 551 ct
578 508 754 548 Veneris
777 518 922 548 contra
944 506 995 547 sic
1018 505 1130 546 filius
1152 505 1264 546 orsus
1285 520 1294 545 :
1492 519 1572 562 325

216 587 354 628 Nulla
375 597 541 625 tuarum
564 582 705 622 audita
725 582 828 622 mihi
852 596 987 636 neque
1011 581 1093 620 visa
1117 580 1317 628 sororum,

217 660 261 700 O
298 662 444 713 (quam
468 667 505 697 te
524 655 801 709 memorem?)
830 656 962 710 virgo.
996 668 1175 708 namque
1197 653 1306 694 haud
1327 653 1404 694 tibi
1427 653 1570 694 vol-tus

219 733 437 782 Mortalis,
471 746 545 771 nec
568 745 647 770 vox
672 729 881 769 hominem
906 728 1036 768 sonat.
1097 728 1123 767 ὃ
1144 726 1232 776 dea,
1256 735 1394 775 certe3

219 809 290 848 An
313 805 468 847 Phoebi
491 806 617 854 soror,
651 819 701 844 an
725 802 1025 857 Nympharum
1046 800 1258 855 sanguinis
1280 798 1393 840 una?

222 880 284 921 Sis
308 880 425 927 felix,
458 878 727 931 nostrumque
750 875 858 915 leves
880 888 1168 927 quaecumque
1190 873 1371 914 laborem
1393 887 1402 912 :
1495 887 1580 932 330

220 954 275 994 Et
299 968 383 1006 quo
407 953 478 992 sub
501 949 614 990 caclo
637 947 818 995 tandem,
851 946 1007 998 quibus
1029 945 1140 985 orbis
1163 945 1204 985 in
1227 946 1312 986 oris

222 1028 455 1082 jadtemur,
489 1025 650 1064 doceas.
714 1020 845 1075 ignari
869 1019 1171 1072 hominumque
1193 1018 1469 1072 locorumque

220 1099 436 1144 Erramus,
470 1105 594 1135 vento
616 1094 698 1134 huc
722 1091 841 1133 vastis
863 1102 905 1131 et
927 1091 1122 1132 fluctibus
1143 1090 1238 1131 acti.

224 1170 367 1211 Multa
384 1169 459 1208 tibi
484 1177 576 1208 ante
599 1180 684 1206 aras
709 1165 844 1205 nostra
865 1163 983 1204 cadet
1005 1162 1135 1204 hostia
1156 1164 1314 1204 dextra.

227 1243 346 1283 'sum
364 1241 536 1281 Venus:
573 1238 696 1279 Haud
719 1238 912 1291 equidem
935 1235 1006 1276 tali
1030 1250 1093 1276 me
1114 1236 1264 1291 dignor
1285 1237 1464 1277 honore:
1500 1247 1581 1294 335

227 1315 482 1371 Virginibus
505 1312 654 1368 Tyriis
677 1326 766 1351 mos
788 1309 844 1351 est
865 1309 1017 1365 gestare
1040 1310 1289 1363 pharetram,

228 1389 526 1442 Purpureoque
546 1385 627 1426 alte
651 1385 760 1425 suras
784 1383 941 1424 vincire
963 1383 1184 1423 cothurno.

226 1461 388 1503 Punica
409 1474 535 1515 regna
555 1457 688 1508 vides,
721 1456 880 1513 Tyrios
901 1466 942 1496 et
964 1457 1172 1512 Agenoris
1196 1456 1365 1498 urbem:

227 1535 305 1577 Sed
328 1533 428 1575 fines
450 1532 622 1588 Libyci,
654 1545 786 1587 genus
808 1530 1068 1570 numerabile
1092 1531 1216 1570 bello.

228 1607 459 1662 Imperium
480 1605 598 1647 Dido
620 1604 759 1659 Tyria
778 1604 884 1658 regit
907 1603 1005 1642 urbe
1028 1602 1230 1656 profeffita,
1505 1612 1588 1658 340

229 1681 494 1724 Germanum
519 1678 702 1734 fugiens.
766 1676 891 1729 longa
911 1674 968 1715 est
989 1675 1159 1730 injuria,
1191 1674 1341 1730 longae

232 1757 456 1810 Ambages.
511 1753 574 1792 scd
599 1752 756 1791 summa
776 1749 920 1802 sequar
943 1747 1101 1803 fastigia
1121 1762 1271 1788 rerum.

230 1828 344 1868 Huic
366 1827 523 1881 conjux
547 1824 746 1866 Sichaeus
763 1830 866 1871 erat,
901 1820 1117 1861 ditiffimus
1139 1821 1226 1875 agri

231 1900 509 1948 Phoenicum,
542 1908 582 1938 et
603 1911 756 1952 magno
776 1895 943 1936 miserae
965 1894 1139 1935 dilectus
1162 1907 1298 1934 amore
1319 1908 1329 1934 ε

233 1973 348 2028 Qoi
373 1982 486 2026 pater
507 1971 703 2012 {maetam
727 1969 909 2018 dederat,
942 1967 1165 2022 prunisque
1182 1968 1351 2023 jugarat
1506 1976 1588 2020 345

234 2045 484 2087 Ominibus.
547 2043 609 2083 sed
633 2055 758 2101 regna
779 2039 891 2096 Tyri
914 2053 1134 2095 germanus
1157 2039 1336 2080 habebat

233 2118 499 2176 Pygmalion,
533 2116 679 2156 scelere
700 2124 793 2155 anre
814 2113 916 2154 alios
939 2113 1145 2153 inmanior
1168 2113 1320 2154 omnis.

290 2257 418 2306 (321.)
452 2257 542 2305 Qo
566 2253 733 2291 sermone
754 2265 796 2290 ac
822 2250 955 2302 lingua
980 2249 1041 2288 hic
1062 2249 1101 2287 in
1124 2250 1279 2289 Africae
1297 2248 1387 2294 oris,
1404 2249 1535 2287 Venus
1554 2256 1592 2285 et

235 2322 322 2347 mox
342 2308 446 2346 Dido
466 2319 503 2343 et
533 2308 579 2343 sic
606 2305 673 2343 alii
695 2306 734 2342 in
755 2303 885 2342 Sicilia
910 2314 947 2340 et
966 2302 1093 2347 Italia,
1121 2316 1208 2341 cum
1230 2305 1362 2340 Aenea
1382 2301 1437 2338 vti
1456 2312 1591 2351 potue-

235 2362 326 2405 rint,
349 2371 404 2405 vt,
424 2373 522 2411 quae
541 2359 728 2403 dicerent,
759 2357 807 2395 ab
831 2357 900 2394 hoc
923 2355 1092 2407 intelligi
1118 2356 1276 2405 possent,
1307 2354 1432 2392 aliena
1452 2366 1473 2390 a
1493 2353 1592 2403 poesi

236 2414 344 2463 epica
371 2414 420 2450 est
448 2412 631 2463 quaestio,
661 2424 707 2448 ne
736 2410 861 2447 dicam
881 2407 1025 2458 inepta.
1086 2410 1251 2447 Omnem
1272 2407 1375 2444 enim
1394 2406 1472 2443 eius
1494 2405 1591 2448 vim,

238 2467 435 2504 illecebras
452 2476 489 2502 et
509 2475 657 2516 gratam
679 2463 853 2500 fraudem
873 2461 1115 2512 interciperet
1135 2462 1221 2499 talis
1242 2459 1442 2497 subtilitas.
1488 2458 1594 2495 Con-

243 2530 402 2556 uentum
423 2519 471 2554 est
492 2518 590 2554 inter
609 2518 758 2566 poetam
778 2526 816 2552 et
835 2515 1009 2551 lenorem
1032 2514 1144 2551 tacite
1165 2513 1203 2551 in
1225 2513 1310 2555 hoc,
1340 2522 1380 2548 vt
1399 2508 1594 2548 communi

240 2572 408 2608 sermone
426 2571 523 2607 inter
553 2570 586 2607 se
616 2569 670 2606 vti
700 2576 884 2621 putentur
902 2567 1063 2606 Troiani
1095 2577 1133 2603 et
1162 2564 1301 2604 Achivi
1328 2574 1366 2602 et
1395 2563 1442 2601 fic
1467 2576 1591 2614 porro.

241 2624 362 2660 Semel
385 2623 565 2659 monuisse
588 2622 671 2659 satis
693 2623 755 2659 est.

295 2677 554 2724 (341-344.)
575 2676 616 2711 ln
636 2674 740 2723 prosa
757 2674 862 2713 esset:
880 2676 996 2727 longa
1011 2673 1098 2709 ess‘et
1115 2669 1300 2714 narrati03
1319 2667 1378 2705 sed
1396 2681 1476 2704 rem
1496 2666 1596 2706 sum·

241 2739 371 2765 marim
393 2740 592 2778 exponam.
626 2726 751 2764 Etiam
771 2728 810 2766 in
827 2728 966 2766 talibus
988 2725 1176 2777 poeticam
1196 2722 1272 2761 vim
1294 2720 1469 2774 agnosce.
