1685 3093
296 115 391 160 DE
434 114 667 160 CARM.
710 117 949 161 EPICO
989 115 1295 160 VIRGIL.
1416 133 1465 177 37

123 218 400 284 inuersionum
425 222 603 263 rationes
624 221 845 275 descriptas
865 229 906 261 et
937 220 985 261 ad
1007 219 1140 276 legem
1170 220 1349 261 redaehas
1377 219 1460 260 dis-

121 307 212 333 cere
233 292 346 333 licet.
408 294 530 349 Qae
552 295 636 349 ipsa
663 308 724 334 res
746 293 1024 335 animaduersa
1045 307 1108 333 me
1129 292 1318 343 adduxit,
1349 302 1394 333 vt
1415 293 1458 332 in

124 363 305 403 sermone
328 363 499 420 Virgilii
536 367 699 420 poetico
719 367 944 407 enarrando
963 375 1005 406 et
1031 365 1278 419 explicando
1298 379 1461 418 operam

117 435 367 476 collocarem
406 439 719 488 accuratiorem,
767 453 893 492 quam
930 439 973 479 in
1013 438 1099 479 vllo
1139 437 1222 477 alio
1263 438 1459 491 scriptore

119 507 227 547 reae
247 504 434 548 consumi
470 524 492 549 a
525 523 590 549 me
625 508 731 564 posse
753 520 908 564 putem.
971 511 1171 551 Attamen
1207 510 1251 550 in
1275 511 1351 550 hae
1373 509 1459 563 ipsa

120 579 269 632 poetici
306 580 502 621 sermonis
525 582 820 623 constitutione
843 593 986 636 poetae
1009 583 1240 637 sagacitatis
1261 582 1350 622 laus
1372 596 1457 622 non

121 661 206 692 tam
239 642 280 692 iii
304 653 570 704 inueniendo,
603 669 727 709 quam
761 655 804 695 in
840 656 1013 695 inuento
1045 655 1219 694 aliorum
1260 669 1354 695 cum
1388 654 1456 694 in-

118 725 285 778 geniosa
325 725 541 780 sagacitate
581 727 623 766 in
665 727 754 767 suos
797 726 890 767 Vsus
940 726 1225 766 transferendo
1271 727 1456 767 debetur.

118 797 414 838 Alexandrinis
446 799 555 838 enirn
590 798 740 851 poetis,
775 796 1056 847 Callimacho,
1090 797 1338 851 Apollonio,
1371 797 1457 837 Ni-

119 870 290 921 candro,
320 872 467 922 Arato,
493 870 654 925 ‘poetici
689 868 883 908 sermonis
917 867 1074 908 indoles
1106 877 1146 908 et
1176 880 1323 910 natura
1342 870 1461 911 vniee

117 942 173 983 est
193 953 362 997 accepta
382 944 590 984 referenda
608 962 618 993 ;
641 944 719 982 hoe
740 956 880 981 eorum
896 940 1048 981 docent
1068 940 1216 994 scripta
1236 941 1279 980 in
1303 940 1459 980 summa

118 1015 381 1069 simplicitate
401 1015 580 1064 cultum,
613 1015 790 1054 nitorem
811 1022 851 1052 et
873 1023 1064 1053 ornatum
1093 1013 1394 1063 admirabilem,
1417 1021 1459 1053 et

118 1102 243 1142 quem
265 1102 316 1127 ex
347 1085 542 1127 omnibus
564 1086 766 1126 aetatibus
799 1085 1008 1125 neminem
1042 1085 1171 1126 alium
1201 1084 1461 1139 affequutum

116 1159 193 1201 effe
215 1159 410 1209 vidimus,
442 1159 675 1200 referentia.
739 1156 949 1197 Videntur
973 1158 1126 1197 scilicet
1145 1167 1286 1211 poetae
1308 1156 1460 1196 doetis-

116 1233 204 1274 fimi
221 1242 261 1272 et
280 1232 608 1273 Ptolemaeorum
625 1231 902 1272 contubernio
918 1229 1091 1283 expoliti
1115 1227 1459 1278 animaduertisse,

116 1321 202 1346 non
228 1305 450 1346 infeliciter
472 1302 758 1360 Tragicorum
790 1292 996 1343 tumorem
1020 1302 1241 1343 Homerica
1262 1299 1460 1354 simplici-

118 1387 202 1418 tate
233 1378 448 1432 temperari
485 1376 608 1431 posse.
671 1376 759 1417 Hos
796 1375 922 1417 Maro
954 1376 1139 1416 auctores
1172 1374 1333 1423 habuit,
1365 1387 1462 1413 cum

119 1460 236 1491 tanto
272 1451 423 1490 maiore
460 1450 603 1490 iudicii
639 1449 775 1500 laude,
807 1448 917 1503 quod
944 1447 1108 1489 Ennius
1143 1457 1183 1487 et
1216 1447 1357 1497 ceteri,
1390 1446 1463 1500 qui

119 1521 427 1575 praecefferant,
460 1523 508 1562 de
547 1523 747 1563 orationis
788 1521 994 1577 elegantia
1026 1529 1066 1560 et
1104 1527 1252 1560 ornatu
1289 1516 1461 1573 castiga-

120 1596 223 1635 tiore
245 1604 388 1648 parum
405 1596 708 1635 laborauerant.

177 1666 319 1707 Placet
340 1682 452 1708 nunc
487 1669 530 1707 in
546 1666 632 1707 *fine
664 1665 860 1706 subiicere
895 1663 1100 1704 nonnulla
1133 1672 1174 1703 et
1195 1677 1266 1717 per
1288 1664 1464 1703 saturam

120 1754 302 1790 monere,
335 1740 489 1794 quibus
524 1739 708 1778 virorum
730 1736 945 1776 doctorum
968 1735 1227 1789 quorundam
1248 1735 1461 1788 opinioni-

123 1813 216 1863 bus,
238 1827 339 1867 quas
363 1821 493 1853 totam
515 1809 710 1851 carminis
732 1808 915 1848 indolem
937 1807 1000 1847 vel
1025 1807 1298 1847 chamaerem
1319 1805 1465 1846 tollere

121 1885 276 1936 videas,
309 1886 432 1925 tacite
467 1893 538 1924 aut
566 1880 745 1936 expresse
778 1896 801 1920 a
833 1880 953 1920 nobis
986 1887 1256 1927 occurratur,
1290 1889 1386 1917 nam
1418 1877 1463 1917 in

123 1958 437 1997 contentionem
460 1971 554 1997 cum
570 1967 781 2010 quoquam
803 1950 1042 1992 descendere
1064 1942 1139 1990 nec
1158 1951 1316 2006 ingenii
1340 1948 1465 1990 nostri

123 2044 201 2070 nec
223 2030 348 2070 moris
372 2029 441 2069 est.

181 2102 367 2142 Primum
400 2102 447 2142 de
479 2100 667 2149 eonsiliO,
700 2097 811 2153 quod
848 2103 968 2151 poeta
1004 2096 1046 2136 in
1080 2095 1260 2136 Aeneide
1282 2095 1464 2136 conscri-

123 2174 257 2214 benda
279 2174 438 2214 secutus
460 2172 523 2224 sit,
555 2183 595 2212 et
626 2173 675 2212 de
710 2171 807 2220 fine,
839 2184 964 2224 quem
987 2167 1235 2223 propositum
1259 2168 1464 2216 habuerit,

124 2246 246 2286 multi
270 2246 381 2284 varia
409 2245 798 2285 comminiscuntur.
880 2241 1002 2281 Nihil
1027 2241 1192 2295 quidem
1214 2242 1342 2296 magis
1364 2240 1465 2280 alie-

125 2332 226 2359 num
248 2316 322 2359 effe
345 2316 473 2370 potest
495 2318 544 2357 ab
566 2318 684 2371 epico
705 2318 885 2357 carmine
908 2331 1034 2371 quam
1056 2316 1278 2370 allegoria3
1305 2311 1467 2367 iugulat.

122 2391 235 2431 enim
256 2399 386 2430 totam
408 2391 494 2430 cius
517 2390 618 2440 vim,
651 2404 784 2430 rerum
814 2399 854 2430 et
890 2391 1108 2430 hominum
1131 2388 1374 2442 exiguitatem
1398 2394 1462 2424 at-

125 2471 282 2513 tenuat,
329 2472 492 2518 gratum
528 2463 655 2503 animi
699 2477 875 2503 errorem
906 2462 1067 2503 excutit
1103 2470 1142 2500 et
1177 2458 1327 2499 aestum
1359 2458 1470 2497 inter

125 2533 347 2588 legendum
382 2534 610 2589 refrigerat,
657 2536 996 2589 voluptatemque
1031 2547 1196 2574 omnem
1237 2529 1463 2583 intercipit.

127 2604 334 2646 Certatim
357 2615 492 2646 tamen
526 2607 602 2647 viri
639 2608 746 2648 <loeti
771 2608 941 2663 argutiis
966 2607 1044 2648 suis
1067 2606 1231 2646 Aeneae
1253 2604 1465 2657 personam

127 2678 246 2718 nobis
300 2680 454 2733 eripere
506 2691 547 2720 et
597 2680 834 2735 Angustum
888 2680 1121 2720 submittere
1170 2677 1466 2717 allabo:·¹·rxznt.

127 2749 268 2794 Etiam
303 2765 353 2793 ex
388 2762 528 2807 parata
563 2767 673 2794 noua
708 2753 750 2792 in
787 2750 910 2794 Latio
947 2750 1035 2793 sede
1067 2749 1231 2791 miseros
1254 2747 1467 2786 Troianos

706 2824 748 2866 D
782 2839 808 2880 3
1164 2820 1460 2866 exturbarunt,
