1685 3093
219 142 302 175 212
531 126 1251 172 EXCVRSVS

219 232 503 276 vetustimmae
525 231 616 272 fidei
642 230 908 285 probabiliter
935 231 1016 272 dici
1043 232 1297 274 viderentur.
1359 233 1577 277 Habemus

220 306 321 348 adeo
348 305 492 346 Dionis
520 303 632 344 Prus.
659 302 964 344 oratiunculam
987 303 1034 343 de
1052 303 1415 360 Troianunquam
1436 317 1572 361 capta,

221 391 304 431 qua
332 375 489 416 mireris
522 373 677 414 multos
710 373 758 413 ad
790 374 1032 415 eleuandam
1054 375 1199 416 veteris
1221 377 1410 419 historiae
1433 378 1571 429 fidem,

222 447 410 502 inprimis
440 447 482 485 in
505 444 707 485 Troianis
731 446 866 495 rebus,
899 446 973 486 vti.

278 517 380 560 Ausi
400 518 524 557 etiam
548 516 617 570 ipsi
639 517 838 569 historici,
871 520 941 573 qui
974 529 1156 560 veterum
1191 520 1347 562 scilicet
1382 522 1571 564 historia·

218 606 314 633 rum
344 589 465 631 fidem
502 590 582 630 suis
612 591 870 643 temporibus
901 603 940 631 et
974 592 1095 632 solito
1127 608 1264 634 rerum
1301 595 1574 650 gerendarum

220 664 326 706 mori
355 678 402 704 ac
434 663 727 704 consuetudini
752 665 1062 705 accommodare
1083 666 1295 717 volebant,
1329 682 1389 707 res
1411 666 1573 708 Troia-

221 751 293 778 nas
323 737 365 776 in
401 740 647 787 πραγματείας
670 737 844 777 formam
873 737 1068 793 redigere,
1101 746 1171 777 aut
1193 738 1442 778 diuersarum
1477 752 1572 778 nar-

219 809 427 850 rat10num
449 817 616 849 naturas
640 809 696 849 ita
718 811 901 861 miscere,
935 819 979 850 vt
1000 811 1129 850 maior
1151 809 1419 864 probabilitas
1441 824 1575 850 nouae

219 881 468 923 narrationis
504 880 723 933 exsisteret,
755 898 794 923 v.
830 898 867 923 c.
903 894 946 923 vt
978 882 1160 923 Romani
1184 882 1324 936 populi
1346 881 1579 937 originibus

219 971 243 998 a
263 955 464 996 Troianis
486 954 620 994 dust
643 955 917 996 consulerent.
981 953 1222 996 Demetrius
1245 966 1378 994 autem
1417 952 1575 1007 Scepsi-

216 1045 287 1081 us,
320 1037 335 1070 ὁ
367 1035 420 1071 τὸν
448 1032 586 1083 Τξωϊκόμ
620 1030 797 1077 διάκοσμον
817 1029 1071 1078 ἐξηγησάμενος,
1102 1035 1146 1066 Vt
1183 1025 1331 1067 Strabo
1367 1025 1500 1066 XIII.
1533 1041 1574 1080 p.

219 1104 322 1160 609,
366 1100 680 1144 Grammaticus
717 1096 877 1139 Crateti
922 1105 962 1135 et
1011 1095 1250 1138 Aristarcho
1293 1098 1498 1152 aequalis,
1531 1099 1577 1140 in

222 1174 480 1230 Scepsiorum
521 1174 693 1230 gratiam
735 1170 868 1211 multa
904 1169 945 1208 in
980 1169 1101 1208 rebus
1132 1168 1335 1210 Troianis
1372 1169 1490 1210 aliter
1527 1184 1574 1208 ac

222 1250 346 1291 ceteri
370 1247 607 1288 tradiderat.
660 1261 700 1287 v.
719 1243 867 1285 Strabo
888 1241 917 1281 l.
934 1256 972 1282 c.
991 1239 1170 1281 Librum
1189 1241 1318 1282 XVI.
1342 1253 1382 1283 et
1400 1240 1575 1282 XXIV.

219 1321 379 1362 laudari
404 1319 542 1360 videas
563 1333 628 1372 ap.
658 1317 815 1358 Athen.
849 1314 930 1354 IV.
955 1329 995 1367 p.
1020 1327 1113 1369 173.
1141 1312 1190 1354 F.
1219 1327 1311 1369 175·
1340 1315 1392 1354 A.

282 1392 394 1435 Cum
431 1393 512 1432 iam
559 1389 738 1433 Graecia
771 1403 793 1429 a
829 1387 1030 1428 Romanis
1071 1388 1112 1427 in
1154 1387 1392 1427 seruitutem
1420 1386 1580 1428 redaEla

220 1481 319 1508 cum
358 1466 503 1506 ceteris
543 1465 745 1505 libertatis
788 1462 907 1503 bonis
947 1462 1075 1502 etiam
1114 1469 1329 1500 accuratae
1368 1458 1576 1499 doctrinae

220 1554 388 1580 omnem
419 1538 626 1586 habitum,
660 1534 825 1575 tandem
846 1533 971 1573 etiam
994 1533 1168 1581 sensum,
1201 1530 1403 1583 amisisset,
1435 1531 1578 1584 depcr-

223 1612 322 1652 ditis
352 1611 432 1651 iam
464 1619 554 1649 tum
585 1617 657 1648 aut
685 1603 1021 1647 delitescentibus
1050 1603 1253 1658 plerisque
1284 1619 1334 1644 ex
1362 1605 1581 1658 praeclaris

223 1684 309 1725 illis
331 1682 644 1738 antiquioribus
673 1679 806 1734 poetis
828 1691 874 1717 ac
899 1677 1186 1730 scriptoribus,
1218 1692 1312 1718 ecce
1334 1678 1410 1718 tibi
1434 1693 1582 1731 prove..

220 1768 376 1799 nerunt
404 1755 527 1796 multi
555 1769 637 1794 non
666 1757 828 1806 poetae,
864 1750 927 1790 sed
954 1749 1259 1800 versificatores,
1294 1751 1365 1804 qui
1397 1765 1446 1790 ex
1474 1765 1582 1791 non-

223 1831 373 1879 nullis,
407 1829 479 1884 qui
505 1828 760 1880 supererant,
795 1823 925 1876 poetis
951 1823 1123 1879 cyclicis
1151 1825 1334 1878 antiquis
1358 1839 1463 1864 nona
1490 1839 1581 1864 car·—

224 1904 339 1945 mina
379 1901 702 1948 conscriberent,
749 1906 820 1936 aut
855 1896 978 1936 etiam
1021 1911 1071 1935 ex
1121 1896 1484 1951 grammaticorum
1518 1896 1580 1936 vel

223 1975 513 2017 historicorum
542 1971 799 2013 dofftioribus
831 1968 949 2009 libris
984 1970 1191 2009 breuiores
1225 1970 1423 2022 epitomas
1447 1969 1584 2009 conii-

223 2058 382 2099 cerent,
415 2045 636 2088 censendas
669 2043 760 2084 istas
797 2052 837 2080 et
866 2040 1151 2081 diiudicandus
1175 2043 1255 2081 fere
1287 2057 1369 2082 non
1389 2042 1511 2082 modo
1532 2057 1584 2082 ct<

224 2124 389 2179 propria
417 2121 623 2169 doctrina,
648 2116 709 2157 sed
733 2114 856 2154 etiam
887 2129 937 2153 erc
959 2128 1118 2163 eorum,
1142 2129 1248 2167 quos
1265 2117 1582 2170 exscripserunt,

225 2192 305 2237 fide
332 2209 380 2235 ac
418 2192 588 2233 iudicio.
652 2189 719 2229 Ex
750 2186 881 2239 priore
909 2200 1054 2240 genere
1081 2190 1243 2239 poetam
1269 2189 1466 2228 habemus
1497 2203 1585 2228 non

197 2316 199 2318 q
224 2262 484 2307 infimolo'co
506 2260 760 2306 habendum,
795 2259 994 2315 Qgeintum
1019 2260 1247 2310 Calah-um,
1283 2262 1324 2301 in
1358 2276 1442 2315 quo
1472 2275 1583 2301 ema-

226 2337 410 2380 culando
441 2334 571 2377 Laus.
596 2333 944 2380 Rhodornannus,
968 2330 1197 2373 llfcldcnlis
1218 2333 1319 2374 olim
1343 2335 1414 2374 sub
1437 2333 1581 2373 Mich.

227 2408 432 2450 Neandro
463 2406 706 2460 disciplinae
750 2413 962 2444 aeternum
999 2405 1142 2456 decus,
1176 2408 1255 2447 tale
1292 2406 1447 2462 ingenii
1481 2420 1583 2446 acu-

227 2497 325 2524 men
355 2480 561 2529 exhibuit,
594 2487 641 2518 vt
668 2491 718 2518 ex
752 2475 920 2517 summis
944 2477 1222 2517 recentiorum
1247 2488 1478 2532 temporum
1501 2480 1584 2519 cri-

230 2552 326 2595 ticis
349 2565 500 2607 paucos
522 2551 709 2600 habeam,
742 2563 846 2604 quos
868 2563 965 2588 cum
986 2549 1069 2602 ipso
1099 2552 1394 2604 comparandos
1426 2563 1581 2606 putem.

235 2623 315 2666 Sed
337 2623 529 2679 Quintus
564 2623 635 2663 ille
657 2622 768 2662 haud
796 2622 919 2661 dubie
946 2633 1041 2661 ante
1062 2623 1206 2664 oculos
1239 2625 1383 2666 habuit
1403 2626 1587 2680 aliquem

233 2705 308 2738 aut
330 2693 466 2749 plures
492 2710 543 2735 ex
564 2695 769 2735 veteribus
791 2694 922 2747 poetis
945 2694 1136 2748 cyclicis,
1169 2695 1358 2752 inprimis
1380 2694 1584 2745 Leschen,

236 2777 283 2811 vt
302 2766 406 2810 mihi
426 2765 593 2822 quidem
622 2766 757 2808 visum
777 2766 849 2820 est,
881 2768 1167 2822 comparandis
1189 2783 1285 2811 cum
1306 2784 1354 2812 eo
1379 2770 1586 2825 fragmen-

1529 2853 1581 2884 ΗΞ
