<?xml version="1.0" encoding="UTF-8"?>
<!DOCTYPE html PUBLIC "-//W3C//DTD XHTML 1.0 Transitional//EN"
    "http://www.w3.org/TR/xhtml1/DTD/xhtml1-transitional.dtd">
<html xmlns="http://www.w3.org/1999/xhtml" xml:lang="en" lang="en">
 <head>
  <title>
</title>
<meta http-equiv="Content-Type" content="text/html;charset=utf-8" />
  <meta name='ocr-system' content='tesseract 3.04.00' />
  <meta name='ocr-capabilities' content='ocr_page ocr_carea ocr_par ocr_line ocrx_word'/>
</head>
<body>
  <div class='ocr_page' id='page_1' title='image "./worksofvirgilinl02virg_0258.png"; bbox 0 0 1685 3093; ppageno 0'>
   <div class='ocr_carea' id='block_1_1' title="bbox 221 153 1543 221">
    <p class='ocr_par' dir='ltr' id='par_1_1' title="bbox 221 153 1543 221">
     <span class='ocr_line' id='line_1_1' title="bbox 221 153 1543 221; baseline -0.012 -11"><span class='ocrx_word' id='word_1_1' title='bbox 221 166 303 221; x_wconf 86' lang='lat'>246</span> <span class='ocrx_word' id='word_1_2' title='bbox 492 163 536 206; x_wconf 78' lang='lat' dir='ltr'>P.</span> <span class='ocrx_word' id='word_1_3' title='bbox 563 163 781 205; x_wconf 70' lang='lat' dir='ltr'>memr</span> <span class='ocrx_word' id='word_1_4' title='bbox 805 159 1032 201; x_wconf 51' lang='lat' dir='ltr'>Manoms</span> <span class='ocrx_word' id='word_1_5' title='bbox 1056 158 1246 200; x_wconf 72' lang='grc' dir='ltr'>ΑεΝΕῙε.</span> <span class='ocrx_word' id='word_1_6' title='bbox 1380 153 1478 196; x_wconf 84' lang='lat' dir='ltr'>Lib.</span> <span class='ocrx_word' id='word_1_7' title='bbox 1503 169 1543 211; x_wconf 69' lang='lat'>3·-</span> 
     </span>
    </p>
   </div>
   <div class='ocr_carea' id='block_1_2' title="bbox 224 261 1575 2410">
    <p class='ocr_par' dir='ltr' id='par_1_2' title="bbox 224 261 1575 2410">
     <span class='ocr_line' id='line_1_2' title="bbox 224 261 1161 315; baseline -0.01 -6"><span class='ocrx_word' id='word_1_8' title='bbox 224 268 338 309; x_wconf 75' lang='lat' dir='ltr'>Idem</span> <span class='ocrx_word' id='word_1_9' title='bbox 362 277 553 308; x_wconf 83' lang='lat' dir='ltr'>venturos</span> <span class='ocrx_word' id='word_1_10' title='bbox 576 266 768 306; x_wconf 85' lang='lat' dir='ltr'>tollemus</span> <span class='ocrx_word' id='word_1_11' title='bbox 794 264 835 303; x_wconf 90' lang='lat' dir='ltr'>in</span> <span class='ocrx_word' id='word_1_12' title='bbox 857 261 957 302; x_wconf 82' lang='lat' dir='ltr'>astra</span> <span class='ocrx_word' id='word_1_13' title='bbox 978 270 1161 315; x_wconf 84' lang='lat' dir='ltr'>nepotes,</span> 
     </span>
     <span class='ocr_line' id='line_1_3' title="bbox 228 332 1335 392; baseline -0.006 -13"><span class='ocrx_word' id='word_1_14' title='bbox 228 337 534 392; x_wconf 67' lang='lat' dir='ltr'>Imperiumque</span> <span class='ocrx_word' id='word_1_15' title='bbox 556 337 645 376; x_wconf 86' lang='lat' dir='ltr'>urbi</span> <span class='ocrx_word' id='word_1_16' title='bbox 668 336 869 376; x_wconf 84' lang='lat' dir='ltr'>dabimus.</span> <span class='ocrx_word' id='word_1_17' title='bbox 930 343 975 373; x_wconf 90' lang='lat' dir='ltr'>tu</span> <span class='ocrx_word' id='word_1_18' title='bbox 997 333 1157 374; x_wconf 88' lang='lat' dir='ltr'>moenia</span> <span class='ocrx_word' id='word_1_19' title='bbox 1178 332 1335 387; x_wconf 85' lang='lat' dir='ltr'>magnis</span> 
     </span>
     <span class='ocr_line' id='line_1_4' title="bbox 230 400 1555 466; baseline -0.006 -16"><span class='ocrx_word' id='word_1_20' title='bbox 230 410 388 466; x_wconf 74' lang='lat' dir='ltr'>Magna</span> <span class='ocrx_word' id='word_1_21' title='bbox 411 425 519 464; x_wconf 81' lang='lat' dir='ltr'>para,</span> <span class='ocrx_word' id='word_1_22' title='bbox 551 409 805 463; x_wconf 79' lang='lat' dir='ltr'>longumque</span> <span class='ocrx_word' id='word_1_23' title='bbox 825 408 943 462; x_wconf 81' lang='lat' dir='ltr'>fugae</span> <span class='ocrx_word' id='word_1_24' title='bbox 963 419 1013 446; x_wconf 90' lang='lat' dir='ltr'>ne</span> <span class='ocrx_word' id='word_1_25' title='bbox 1034 404 1177 458; x_wconf 88' lang='lat' dir='ltr'>linque</span> <span class='ocrx_word' id='word_1_26' title='bbox 1197 403 1391 442; x_wconf 85' lang='lat' dir='ltr'>laborem.</span> <span class='ocrx_word' id='word_1_27' title='bbox 1475 400 1555 443; x_wconf 76' lang='lat'>160</span> 
     </span>
     <span class='ocr_line' id='line_1_5' title="bbox 230 473 1250 535; baseline -0.008 -13"><span class='ocrx_word' id='word_1_28' title='bbox 230 481 460 522; x_wconf 74' lang='lat' dir='ltr'>Mutandae</span> <span class='ocrx_word' id='word_1_29' title='bbox 490 481 611 520; x_wconf 82' lang='lat' dir='ltr'>sedes.</span> <span class='ocrx_word' id='word_1_30' title='bbox 672 494 755 520; x_wconf 90' lang='lat' dir='ltr'>non</span> <span class='ocrx_word' id='word_1_31' title='bbox 777 480 874 535; x_wconf 82' lang='lat' dir='ltr'>haec</span> <span class='ocrx_word' id='word_1_32' title='bbox 897 478 970 518; x_wconf 88' lang='lat' dir='ltr'>tibi</span> <span class='ocrx_word' id='word_1_33' title='bbox 994 477 1114 517; x_wconf 84' lang='lat' dir='ltr'>litora</span> <span class='ocrx_word' id='word_1_34' title='bbox 1136 473 1250 515; x_wconf 80' lang='lat' dir='ltr'>suasit</span> 
     </span>
     <span class='ocr_line' id='line_1_6' title="bbox 231 547 1207 610; baseline -0.01 -14"><span class='ocrx_word' id='word_1_35' title='bbox 231 554 398 604; x_wconf 84' lang='lat' dir='ltr'>Delius,</span> <span class='ocrx_word' id='word_1_36' title='bbox 431 563 500 594; x_wconf 84' lang='lat' dir='ltr'>aut</span> <span class='ocrx_word' id='word_1_37' title='bbox 522 553 668 602; x_wconf 79' lang='lat' dir='ltr'>Cretae</span> <span class='ocrx_word' id='word_1_38' title='bbox 683 554 794 610; x_wconf 84' lang='lat' dir='ltr'>juffit</span> <span class='ocrx_word' id='word_1_39' title='bbox 816 549 1015 597; x_wconf 76' lang='lat' dir='ltr'>considere</span> <span class='ocrx_word' id='word_1_40' title='bbox 1037 547 1207 601; x_wconf 83' lang='lat' dir='ltr'>Apollo.</span> 
     </span>
     <span class='ocr_line' id='line_1_7' title="bbox 233 619 1332 679; baseline -0.007 -15"><span class='ocrx_word' id='word_1_41' title='bbox 233 624 304 664; x_wconf 81' lang='lat' dir='ltr'>Est</span> <span class='ocrx_word' id='word_1_42' title='bbox 325 624 457 674; x_wconf 86' lang='lat' dir='ltr'>locus,</span> <span class='ocrx_word' id='word_1_43' title='bbox 491 623 723 677; x_wconf 81' lang='lat' dir='ltr'>Hesperiam</span> <span class='ocrx_word' id='word_1_44' title='bbox 747 621 866 665; x_wconf 83' lang='lat' dir='ltr'>Graii</span> <span class='ocrx_word' id='word_1_45' title='bbox 891 621 1137 679; x_wconf 76' lang='lat' dir='ltr'>cognomine</span> <span class='ocrx_word' id='word_1_46' title='bbox 1157 619 1302 659; x_wconf 87' lang='lat' dir='ltr'>dicunt</span> <span class='ocrx_word' id='word_1_47' title='bbox 1322 630 1332 655; x_wconf 77' lang='lat'>2</span> 
     </span>
     <span class='ocr_line' id='line_1_8' title="bbox 230 690 1374 750; baseline -0.006 -14"><span class='ocrx_word' id='word_1_48' title='bbox 230 696 365 736; x_wconf 87' lang='lat' dir='ltr'>Terra</span> <span class='ocrx_word' id='word_1_49' title='bbox 385 697 571 750; x_wconf 84' lang='lat' dir='ltr'>antiqua,</span> <span class='ocrx_word' id='word_1_50' title='bbox 603 705 747 750; x_wconf 80' lang='lat' dir='ltr'>potens</span> <span class='ocrx_word' id='word_1_51' title='bbox 769 695 904 744; x_wconf 75' lang='lat' dir='ltr'>arinis,</span> <span class='ocrx_word' id='word_1_52' title='bbox 937 703 1058 747; x_wconf 86' lang='lat' dir='ltr'>atque</span> <span class='ocrx_word' id='word_1_53' title='bbox 1078 692 1200 732; x_wconf 85' lang='lat' dir='ltr'>ubere</span> <span class='ocrx_word' id='word_1_54' title='bbox 1221 690 1374 747; x_wconf 85' lang='lat' dir='ltr'>glebae.</span> 
     </span>
     <span class='ocr_line' id='line_1_9' title="bbox 282 758 1558 816; baseline -0.006 -9"><span class='ocrx_word' id='word_1_55' title='bbox 282 769 411 807; x_wconf 86' lang='lat' dir='ltr'>enotri</span> <span class='ocrx_word' id='word_1_56' title='bbox 434 768 596 807; x_wconf 87' lang='lat' dir='ltr'>coluere</span> <span class='ocrx_word' id='word_1_57' title='bbox 617 768 695 807; x_wconf 79' lang='lat' dir='ltr'>viri</span> <span class='ocrx_word' id='word_1_58' title='bbox 714 781 723 806; x_wconf 86' lang='lat'>:</span> <span class='ocrx_word' id='word_1_59' title='bbox 758 781 869 808; x_wconf 82' lang='lat' dir='ltr'>nunc</span> <span class='ocrx_word' id='word_1_60' title='bbox 893 766 1016 816; x_wconf 79' lang='lat' dir='ltr'>fama,</span> <span class='ocrx_word' id='word_1_61' title='bbox 1049 764 1225 804; x_wconf 86' lang='lat' dir='ltr'>minores</span> <span class='ocrx_word' id='word_1_62' title='bbox 1478 758 1558 816; x_wconf 71' lang='lat'>165</span> 
     </span>
     <span class='ocr_line' id='line_1_10' title="bbox 232 837 1208 891; baseline -0.004 -13"><span class='ocrx_word' id='word_1_63' title='bbox 232 837 396 879; x_wconf 84' lang='lat' dir='ltr'>Italiam</span> <span class='ocrx_word' id='word_1_64' title='bbox 419 838 577 889; x_wconf 80' lang='lat' dir='ltr'>dixiffe,</span> <span class='ocrx_word' id='word_1_65' title='bbox 609 839 724 878; x_wconf 85' lang='lat' dir='ltr'>ducis</span> <span class='ocrx_word' id='word_1_66' title='bbox 745 840 793 880; x_wconf 81' lang='lat' dir='ltr'>de</span> <span class='ocrx_word' id='word_1_67' title='bbox 814 838 998 891; x_wconf 77' lang='lat' dir='ltr'>nomine,</span> <span class='ocrx_word' id='word_1_68' title='bbox 1030 844 1208 890; x_wconf 82' lang='lat' dir='ltr'>gentem.</span> 
     </span>
     <span class='ocr_line' id='line_1_11' title="bbox 233 907 1347 965; baseline -0.006 -13"><span class='ocrx_word' id='word_1_69' title='bbox 233 912 322 952; x_wconf 76' lang='lat' dir='ltr'>Hae</span> <span class='ocrx_word' id='word_1_70' title='bbox 344 913 462 952; x_wconf 74' lang='lat' dir='ltr'>nobis</span> <span class='ocrx_word' id='word_1_71' title='bbox 485 912 667 965; x_wconf 79' lang='lat' dir='ltr'>propriae</span> <span class='ocrx_word' id='word_1_72' title='bbox 688 910 794 952; x_wconf 73' lang='lat' dir='ltr'>sedes</span> <span class='ocrx_word' id='word_1_73' title='bbox 813 928 825 959; x_wconf 81' lang='lat'>3</span> <span class='ocrx_word' id='word_1_74' title='bbox 858 910 955 952; x_wconf 86' lang='lat' dir='ltr'>hinc</span> <span class='ocrx_word' id='word_1_75' title='bbox 976 907 1195 949; x_wconf 86' lang='lat' dir='ltr'>Dardanus</span> <span class='ocrx_word' id='word_1_76' title='bbox 1214 914 1347 955; x_wconf 88' lang='lat' dir='ltr'>ortus,</span> 
     </span>
     <span class='ocr_line' id='line_1_12' title="bbox 232 967 1317 1041; baseline -0.006 -16"><span class='ocrx_word' id='word_1_77' title='bbox 232 984 439 1038; x_wconf 83' lang='lat' dir='ltr'>Iasiusque</span> <span class='ocrx_word' id='word_1_78' title='bbox 461 993 588 1038; x_wconf 77' lang='lat' dir='ltr'>pater,</span> <span class='ocrx_word' id='word_1_79' title='bbox 620 998 748 1038; x_wconf 81' lang='lat' dir='ltr'>genus</span> <span class='ocrx_word' id='word_1_80' title='bbox 770 998 792 1023; x_wconf 85' lang='lat' dir='ltr'>a</span> <span class='ocrx_word' id='word_1_81' title='bbox 813 967 896 1037; x_wconf 71' lang='lat' dir='ltr'>quo</span> <span class='ocrx_word' id='word_1_82' title='bbox 917 980 1101 1041; x_wconf 83' lang='lat' dir='ltr'>principe</span> <span class='ocrx_word' id='word_1_83' title='bbox 1122 978 1317 1020; x_wconf 86' lang='lat' dir='ltr'>nostrum.</span> 
     </span>
     <span class='ocr_line' id='line_1_13' title="bbox 235 1043 1340 1112; baseline -0.006 -16"><span class='ocrx_word' id='word_1_84' title='bbox 235 1055 365 1111; x_wconf 77' lang='lat' dir='ltr'>Surge</span> <span class='ocrx_word' id='word_1_85' title='bbox 387 1070 474 1110; x_wconf 81' lang='lat' dir='ltr'>age,</span> <span class='ocrx_word' id='word_1_86' title='bbox 507 1065 546 1094; x_wconf 86' lang='lat' dir='ltr'>et</span> <span class='ocrx_word' id='word_1_87' title='bbox 567 1055 664 1094; x_wconf 90' lang='lat' dir='ltr'>haec</span> <span class='ocrx_word' id='word_1_88' title='bbox 687 1055 814 1097; x_wconf 81' lang='lat' dir='ltr'>laetus</span> <span class='ocrx_word' id='word_1_89' title='bbox 833 1043 1035 1108; x_wconf 75' lang='lat' dir='ltr'>longaevo</span> <span class='ocrx_word' id='word_1_90' title='bbox 1057 1052 1166 1112; x_wconf 54' lang='lat' dir='ltr'>dieta</span> <span class='ocrx_word' id='word_1_91' title='bbox 1186 1050 1340 1104; x_wconf 88' lang='lat' dir='ltr'>parenti</span> 
     </span>
     <span class='ocr_line' id='line_1_14' title="bbox 236 1121 1566 1182; baseline -0.005 -14"><span class='ocrx_word' id='word_1_92' title='bbox 236 1127 358 1168; x_wconf 84' lang='lat' dir='ltr'>Haud</span> <span class='ocrx_word' id='word_1_93' title='bbox 381 1126 606 1166; x_wconf 82' lang='lat' dir='ltr'>dubitanda</span> <span class='ocrx_word' id='word_1_94' title='bbox 627 1127 730 1182; x_wconf 79' lang='lat' dir='ltr'>refer</span> <span class='ocrx_word' id='word_1_95' title='bbox 749 1140 758 1164; x_wconf 74' lang='grc' dir='ltr'>ε</span> <span class='ocrx_word' id='word_1_96' title='bbox 794 1124 1046 1180; x_wconf 78' lang='lat' dir='ltr'>Corythum,</span> <span class='ocrx_word' id='word_1_97' title='bbox 1079 1123 1283 1176; x_wconf 88' lang='lat' dir='ltr'>terrasque</span> <span class='ocrx_word' id='word_1_98' title='bbox 1304 1121 1462 1175; x_wconf 87' lang='lat' dir='ltr'>require</span> <span class='ocrx_word' id='word_1_99' title='bbox 1486 1132 1566 1176; x_wconf 82' lang='lat'>170</span> 
     </span>
     <span class='ocr_line' id='line_1_15' title="bbox 236 1196 1267 1253; baseline -0.005 -13"><span class='ocrx_word' id='word_1_100' title='bbox 236 1199 454 1240; x_wconf 74' lang='lat' dir='ltr'>Ausonias.</span> <span class='ocrx_word' id='word_1_101' title='bbox 517 1197 690 1239; x_wconf 51' lang='lat' dir='ltr'>Diffi&amp;</span> <span class='ocrx_word' id='word_1_102' title='bbox 711 1207 831 1253; x_wconf 79' lang='lat' dir='ltr'>negat</span> <span class='ocrx_word' id='word_1_103' title='bbox 851 1197 925 1240; x_wconf 87' lang='lat' dir='ltr'>tibi</span> <span class='ocrx_word' id='word_1_104' title='bbox 948 1196 1141 1250; x_wconf 85' lang='lat' dir='ltr'>Juppiter</span> <span class='ocrx_word' id='word_1_105' title='bbox 1160 1210 1267 1242; x_wconf 82' lang='lat' dir='ltr'>arva.</span> 
     </span>
     <span class='ocr_line' id='line_1_16' title="bbox 238 1269 1184 1328; baseline -0.004 -16"><span class='ocrx_word' id='word_1_106' title='bbox 238 1270 422 1312; x_wconf 76' lang='lat' dir='ltr'>Talibus</span> <span class='ocrx_word' id='word_1_107' title='bbox 444 1271 652 1311; x_wconf 82' lang='lat' dir='ltr'>adtonitus</span> <span class='ocrx_word' id='word_1_108' title='bbox 674 1270 782 1321; x_wconf 82' lang='lat' dir='ltr'>vifis,</span> <span class='ocrx_word' id='word_1_109' title='bbox 815 1284 860 1328; x_wconf 76' lang='lat' dir='ltr'>a:</span> <span class='ocrx_word' id='word_1_110' title='bbox 881 1283 981 1326; x_wconf 66' lang='lat' dir='ltr'>voce</span> <span class='ocrx_word' id='word_1_111' title='bbox 1001 1269 1184 1318; x_wconf 84' lang='lat' dir='ltr'>deorum,</span> 
     </span>
     <span class='ocr_line' id='line_1_17' title="bbox 245 1339 1415 1398; baseline -0.005 -14"><span class='ocrx_word' id='word_1_112' title='bbox 245 1343 362 1398; x_wconf 87' lang='lat' dir='ltr'>(Nec</span> <span class='ocrx_word' id='word_1_113' title='bbox 387 1344 503 1395; x_wconf 85' lang='lat' dir='ltr'>sopor</span> <span class='ocrx_word' id='word_1_114' title='bbox 526 1343 626 1383; x_wconf 89' lang='lat' dir='ltr'>illud</span> <span class='ocrx_word' id='word_1_115' title='bbox 650 1352 750 1392; x_wconf 87' lang='lat' dir='ltr'>erat,</span> <span class='ocrx_word' id='word_1_116' title='bbox 785 1343 844 1383; x_wconf 87' lang='lat' dir='ltr'>sed</span> <span class='ocrx_word' id='word_1_117' title='bbox 869 1355 1003 1382; x_wconf 85' lang='lat' dir='ltr'>coram</span> <span class='ocrx_word' id='word_1_118' title='bbox 1025 1339 1239 1395; x_wconf 60' lang='lat' dir='ltr'>agri‘oscere</span> <span class='ocrx_word' id='word_1_119' title='bbox 1259 1339 1415 1388; x_wconf 86' lang='lat' dir='ltr'>voltus,</span> 
     </span>
     <span class='ocr_line' id='line_1_18' title="bbox 240 1412 1294 1469; baseline -0.004 -14"><span class='ocrx_word' id='word_1_120' title='bbox 240 1414 488 1469; x_wconf 76' lang='lat' dir='ltr'>Velatasque</span> <span class='ocrx_word' id='word_1_121' title='bbox 509 1429 662 1464; x_wconf 82' lang='lat' dir='ltr'>comas,</span> <span class='ocrx_word' id='word_1_122' title='bbox 696 1414 997 1468; x_wconf 79' lang='lat' dir='ltr'>praesentiaque</span> <span class='ocrx_word' id='word_1_123' title='bbox 1016 1427 1085 1452; x_wconf 91' lang='lat' dir='ltr'>ora</span> <span class='ocrx_word' id='word_1_124' title='bbox 1106 1412 1294 1453; x_wconf 87' lang='lat' dir='ltr'>videbar:</span> 
     </span>
     <span class='ocr_line' id='line_1_19' title="bbox 241 1484 1569 1545; baseline -0.005 -18"><span class='ocrx_word' id='word_1_125' title='bbox 241 1485 361 1542; x_wconf 84' lang='lat' dir='ltr'>Tum</span> <span class='ocrx_word' id='word_1_126' title='bbox 384 1487 542 1541; x_wconf 81' lang='lat' dir='ltr'>gelidus</span> <span class='ocrx_word' id='word_1_127' title='bbox 565 1497 652 1526; x_wconf 90' lang='lat' dir='ltr'>toto</span> <span class='ocrx_word' id='word_1_128' title='bbox 672 1487 863 1541; x_wconf 87' lang='lat' dir='ltr'>manabat</span> <span class='ocrx_word' id='word_1_129' title='bbox 885 1499 1050 1545; x_wconf 78' lang='lat' dir='ltr'>corpore</span> <span class='ocrx_word' id='word_1_130' title='bbox 1071 1484 1210 1536; x_wconf 82' lang='lat' dir='ltr'>sudor)</span> <span class='ocrx_word' id='word_1_131' title='bbox 1491 1495 1569 1542; x_wconf 77' lang='lat'>¹75.</span> 
     </span>
     <span class='ocr_line' id='line_1_20' title="bbox 244 1556 1248 1613; baseline -0.004 -13"><span class='ocrx_word' id='word_1_132' title='bbox 244 1559 449 1613; x_wconf 83' lang='lat' dir='ltr'>Conripio</span> <span class='ocrx_word' id='word_1_133' title='bbox 471 1574 491 1598; x_wconf 92' lang='lat' dir='ltr'>e</span> <span class='ocrx_word' id='word_1_134' title='bbox 512 1559 641 1599; x_wconf 85' lang='lat' dir='ltr'>stratis</span> <span class='ocrx_word' id='word_1_135' title='bbox 663 1573 828 1611; x_wconf 82' lang='lat' dir='ltr'>corpus,</span> <span class='ocrx_word' id='word_1_136' title='bbox 861 1557 1063 1611; x_wconf 84' lang='lat' dir='ltr'>tendoque</span> <span class='ocrx_word' id='word_1_137' title='bbox 1086 1556 1248 1610; x_wconf 85' lang='lat' dir='ltr'>supinas</span> 
     </span>
     <span class='ocr_line' id='line_1_21' title="bbox 243 1616 1275 1679; baseline -0.003 -6"><span class='ocrx_word' id='word_1_138' title='bbox 243 1633 309 1674; x_wconf 90' lang='lat' dir='ltr'>Ad</span> <span class='ocrx_word' id='word_1_139' title='bbox 333 1633 491 1672; x_wconf 82' lang='lat' dir='ltr'>caelum</span> <span class='ocrx_word' id='word_1_140' title='bbox 514 1646 608 1671; x_wconf 79' lang='lat' dir='ltr'>cum</span> <span class='ocrx_word' id='word_1_141' title='bbox 629 1645 728 1670; x_wconf 79' lang='lat' dir='ltr'>voce</span> <span class='ocrx_word' id='word_1_142' title='bbox 748 1616 913 1679; x_wconf 79' lang='lat' dir='ltr'>manus,</span> <span class='ocrx_word' id='word_1_143' title='bbox 941 1616 1170 1670; x_wconf 34' lang='lat' dir='ltr'>et‘munera</span> <span class='ocrx_word' id='word_1_144' title='bbox 1188 1630 1275 1670; x_wconf 90' lang='lat' dir='ltr'>libo</span> 
     </span>
     <span class='ocr_line' id='line_1_22' title="bbox 244 1700 1196 1756; baseline -0.005 -11"><span class='ocrx_word' id='word_1_145' title='bbox 244 1705 492 1746; x_wconf 80' lang='lat' dir='ltr'>Intemerata</span> <span class='ocrx_word' id='word_1_146' title='bbox 514 1703 631 1744; x_wconf 78' lang='lat' dir='ltr'>focis.</span> <span class='ocrx_word' id='word_1_147' title='bbox 693 1701 871 1756; x_wconf 61' lang='lat' dir='ltr'>perfeeto</span> <span class='ocrx_word' id='word_1_148' title='bbox 891 1701 1020 1751; x_wconf 83' lang='lat' dir='ltr'>laetus</span> <span class='ocrx_word' id='word_1_149' title='bbox 1042 1700 1196 1741; x_wconf 85' lang='lat' dir='ltr'>honore</span> 
     </span>
     <span class='ocr_line' id='line_1_23' title="bbox 244 1763 1333 1831; baseline -0.006 -13"><span class='ocrx_word' id='word_1_150' title='bbox 244 1777 455 1819; x_wconf 82' lang='lat' dir='ltr'>Anchisen</span> <span class='ocrx_word' id='word_1_151' title='bbox 478 1777 584 1816; x_wconf 83' lang='lat' dir='ltr'>facio</span> <span class='ocrx_word' id='word_1_152' title='bbox 606 1763 780 1825; x_wconf 74' lang='lat' dir='ltr'>certum,</span> <span class='ocrx_word' id='word_1_153' title='bbox 809 1787 976 1828; x_wconf 86' lang='lat' dir='ltr'>remque</span> <span class='ocrx_word' id='word_1_154' title='bbox 996 1773 1135 1813; x_wconf 90' lang='lat' dir='ltr'>ordine</span> <span class='ocrx_word' id='word_1_155' title='bbox 1154 1773 1301 1826; x_wconf 84' lang='lat' dir='ltr'>pando.</span> <span class='ocrx_word' id='word_1_156' title='bbox 1330 1828 1333 1831; x_wconf 21' lang='grc' dir='ltr'><strong><em>Δ</em></strong></span> 
     </span>
     <span class='ocr_line' id='line_1_24' title="bbox 245 1845 1575 1903; baseline -0.002 -14"><span class='ocrx_word' id='word_1_157' title='bbox 245 1849 435 1903; x_wconf 75' lang='lat' dir='ltr'>Agnovit</span> <span class='ocrx_word' id='word_1_158' title='bbox 455 1848 608 1902; x_wconf 81' lang='lat' dir='ltr'>prolem</span> <span class='ocrx_word' id='word_1_159' title='bbox 630 1848 880 1903; x_wconf 80' lang='lat' dir='ltr'>ambiguam,</span> <span class='ocrx_word' id='word_1_160' title='bbox 912 1846 1172 1901; x_wconf 84' lang='lat' dir='ltr'>geminosque</span> <span class='ocrx_word' id='word_1_161' title='bbox 1192 1854 1394 1899; x_wconf 87' lang='lat' dir='ltr'>parentes,</span> <span class='ocrx_word' id='word_1_162' title='bbox 1497 1845 1575 1887; x_wconf 79' lang='lat'>180</span> 
     </span>
     <span class='ocr_line' id='line_1_25' title="bbox 248 1918 1321 1975; baseline -0.003 -15"><span class='ocrx_word' id='word_1_163' title='bbox 248 1919 379 1974; x_wconf 80' lang='lat' dir='ltr'>Seque</span> <span class='ocrx_word' id='word_1_164' title='bbox 400 1935 508 1961; x_wconf 81' lang='lat' dir='ltr'>novo</span> <span class='ocrx_word' id='word_1_165' title='bbox 530 1929 714 1960; x_wconf 80' lang='lat' dir='ltr'>veterum</span> <span class='ocrx_word' id='word_1_166' title='bbox 735 1921 950 1975; x_wconf 86' lang='lat' dir='ltr'>deceptum</span> <span class='ocrx_word' id='word_1_167' title='bbox 971 1933 1100 1958; x_wconf 84' lang='lat' dir='ltr'>errore</span> <span class='ocrx_word' id='word_1_168' title='bbox 1121 1918 1321 1958; x_wconf 82' lang='lat' dir='ltr'>locorum.</span> 
     </span>
     <span class='ocr_line' id='line_1_26' title="bbox 249 1989 1278 2040; baseline -0.001 -9"><span class='ocrx_word' id='word_1_169' title='bbox 249 1991 368 2031; x_wconf 85' lang='lat' dir='ltr'>Tum</span> <span class='ocrx_word' id='word_1_170' title='bbox 392 2002 587 2031; x_wconf 83' lang='lat' dir='ltr'>memorat</span> <span class='ocrx_word' id='word_1_171' title='bbox 607 2005 616 2030; x_wconf 73' lang='grc' dir='ltr'>ε</span> <span class='ocrx_word' id='word_1_172' title='bbox 651 1989 790 2031; x_wconf 88' lang='lat' dir='ltr'>Gnate</span> <span class='ocrx_word' id='word_1_173' title='bbox 811 1990 951 2032; x_wconf 80' lang='lat' dir='ltr'>Iliacis</span> <span class='ocrx_word' id='word_1_174' title='bbox 970 1991 1146 2031; x_wconf 86' lang='lat' dir='ltr'>exercite</span> <span class='ocrx_word' id='word_1_175' title='bbox 1166 1990 1278 2040; x_wconf 83' lang='lat' dir='ltr'>fatis,</span> 
     </span>
     <span class='ocr_line' id='line_1_27' title="bbox 251 2061 1161 2103; baseline 0 -2"><span class='ocrx_word' id='word_1_176' title='bbox 251 2062 345 2102; x_wconf 88' lang='lat' dir='ltr'>Sola</span> <span class='ocrx_word' id='word_1_177' title='bbox 367 2063 468 2102; x_wconf 82' lang='lat' dir='ltr'>mihi</span> <span class='ocrx_word' id='word_1_178' title='bbox 490 2062 583 2102; x_wconf 83' lang='lat' dir='ltr'>talis</span> <span class='ocrx_word' id='word_1_179' title='bbox 605 2062 718 2102; x_wconf 84' lang='lat' dir='ltr'>casus</span> <span class='ocrx_word' id='word_1_180' title='bbox 737 2061 958 2103; x_wconf 73' lang='lat' dir='ltr'>Cassandra</span> <span class='ocrx_word' id='word_1_181' title='bbox 979 2063 1161 2103; x_wconf 79' lang='lat' dir='ltr'>canebat.</span> 
     </span>
     <span class='ocr_line' id='line_1_28' title="bbox 251 2132 1411 2190; baseline 0.001 -17"><span class='ocrx_word' id='word_1_182' title='bbox 251 2132 382 2173; x_wconf 84' lang='lat' dir='ltr'>Nunc</span> <span class='ocrx_word' id='word_1_183' title='bbox 404 2144 540 2186; x_wconf 80' lang='lat' dir='ltr'>repeto</span> <span class='ocrx_word' id='word_1_184' title='bbox 562 2133 658 2172; x_wconf 83' lang='lat' dir='ltr'>haec</span> <span class='ocrx_word' id='word_1_185' title='bbox 680 2135 813 2188; x_wconf 81' lang='lat' dir='ltr'>generi</span> <span class='ocrx_word' id='word_1_186' title='bbox 838 2135 1073 2189; x_wconf 83' lang='lat' dir='ltr'>portendere</span> <span class='ocrx_word' id='word_1_187' title='bbox 1093 2135 1227 2190; x_wconf 85' lang='lat' dir='ltr'>debita</span> <span class='ocrx_word' id='word_1_188' title='bbox 1248 2133 1380 2174; x_wconf 88' lang='lat' dir='ltr'>nostro</span> <span class='ocrx_word' id='word_1_189' title='bbox 1398 2152 1411 2183; x_wconf 76' lang='lat'>5</span> 
     </span>
     <span class='ocr_line' id='line_1_29' title="bbox 254 2194 1575 2267; baseline 0.002 -21"><span class='ocrx_word' id='word_1_190' title='bbox 254 2205 310 2246; x_wconf 83' lang='lat' dir='ltr'>Et</span> <span class='ocrx_word' id='word_1_191' title='bbox 332 2206 441 2259; x_wconf 86' lang='lat' dir='ltr'>saepe</span> <span class='ocrx_word' id='word_1_192' title='bbox 463 2205 714 2258; x_wconf 79' lang='lat' dir='ltr'>Hesperiam,</span> <span class='ocrx_word' id='word_1_193' title='bbox 747 2207 856 2259; x_wconf 82' lang='lat' dir='ltr'>saepe</span> <span class='ocrx_word' id='word_1_194' title='bbox 879 2194 984 2267; x_wconf 81' lang='lat' dir='ltr'>Itala</span> <span class='ocrx_word' id='word_1_195' title='bbox 1004 2222 1126 2264; x_wconf 87' lang='lat' dir='ltr'>regna</span> <span class='ocrx_word' id='word_1_196' title='bbox 1145 2221 1303 2247; x_wconf 82' lang='lat' dir='ltr'>vocare.</span> <span class='ocrx_word' id='word_1_197' title='bbox 1497 2207 1575 2264; x_wconf 79' lang='lat'>185</span> 
     </span>
     <span class='ocr_line' id='line_1_30' title="bbox 255 2276 1325 2332; baseline 0.003 -16"><span class='ocrx_word' id='word_1_198' title='bbox 255 2276 333 2317; x_wconf 79' lang='lat' dir='ltr'>Sed</span> <span class='ocrx_word' id='word_1_199' title='bbox 355 2278 447 2331; x_wconf 88' lang='lat' dir='ltr'>quis</span> <span class='ocrx_word' id='word_1_200' title='bbox 469 2277 516 2317; x_wconf 79' lang='lat' dir='ltr'>ad</span> <span class='ocrx_word' id='word_1_201' title='bbox 540 2277 754 2330; x_wconf 79' lang='lat' dir='ltr'>Hesperiae</span> <span class='ocrx_word' id='word_1_202' title='bbox 775 2290 967 2321; x_wconf 84' lang='lat' dir='ltr'>venturos</span> <span class='ocrx_word' id='word_1_203' title='bbox 990 2281 1112 2322; x_wconf 87' lang='lat' dir='ltr'>litora</span> <span class='ocrx_word' id='word_1_204' title='bbox 1132 2280 1325 2332; x_wconf 79' lang='lat' dir='ltr'>Teucros</span> 
     </span>
     <span class='ocr_line' id='line_1_31' title="bbox 256 2339 1436 2410; baseline 0.003 -21"><span class='ocrx_word' id='word_1_205' title='bbox 256 2347 448 2391; x_wconf 78' lang='lat' dir='ltr'>Crederet</span> <span class='ocrx_word' id='word_1_206' title='bbox 467 2351 480 2392; x_wconf 88' lang='lat'>?</span> <span class='ocrx_word' id='word_1_207' title='bbox 514 2363 584 2410; x_wconf 78' lang='lat' dir='ltr'>aut</span> <span class='ocrx_word' id='word_1_208' title='bbox 605 2366 725 2406; x_wconf 68' lang='lat' dir='ltr'>quem</span> <span class='ocrx_word' id='word_1_209' title='bbox 747 2360 833 2392; x_wconf 81' lang='lat' dir='ltr'>turn</span> <span class='ocrx_word' id='word_1_210' title='bbox 854 2339 968 2407; x_wconf 27' lang='lat' dir='ltr'>vates-¹</span> <span class='ocrx_word' id='word_1_211' title='bbox 987 2351 1205 2394; x_wconf 73' lang='lat' dir='ltr'>Cassandra</span> <span class='ocrx_word' id='word_1_212' title='bbox 1224 2361 1403 2408; x_wconf 52' lang='lat' dir='ltr'>moveret</span> <span class='ocrx_word' id='word_1_213' title='bbox 1421 2351 1436 2393; x_wconf 83' lang='lat'>?</span> 
     </span>
    </p>
   </div>
  </div>
 </body>
</html>
