1685 3093
227 173 308 217 150
490 158 536 200 P.
562 157 782 199 V1R01L11
805 153 1037 195 MARONrs
1066 154 1259 196 Amms.
1409 151 1507 195 Lib.
1527 167 1569 198 2.

229 264 350 304 Hane
373 264 471 303 adeo
494 261 715 302 inmensam
738 256 918 298 Calchas
939 256 1136 296 adtollere
1158 257 1313 298 molem
1491 258 1569 311 185

232 336 469 377 Roboribus
490 334 630 383 textis,
663 330 858 383 caeloque
878 329 1050 369 educere
1065 329 1199 384 jussit:

231 407 301 447 Ne
322 407 444 458 recipi
468 405 612 459 portis,
645 413 715 442 aut
735 402 830 442 duci
853 402 895 442 in
918 402 1080 442 moenia
1101 402 1245 455 poffit;

231 480 327 523 Neu
352 479 549 532 populum
571 477 742 529 antiqua
765 475 835 515 sub
855 474 1053 528 religione
1073 473 1192 513 tueri.

231 551 341 592 Nam
367 549 392 589 si
414 548 541 589 vestra
562 561 706 587 manus
727 545 909 586 violasset
929 546 1037 586 dona
1055 544 1288 596 Minervae,

231 623 349 664 Tum
364 635 556 675 magnum
572 620 747 660 exitium
768 619 899 675 (quod
915 619 953 658 di
973 619 1085 671 prius
1099 632 1218 659 omen
1237 619 1281 658 in
1301 618 1433 672 ipsum
1491 632 1570 676 190

231 692 510 745 convertant)
546 691 696 732 Priami
722 692 890 745 imperio
913 689 1225 745 Phrygibusque
1248 691 1453 732 futurum.

231 767 303 807 Sin
326 767 515 807 manibus
539 763 680 804 vestris
702 763 867 803 vestram
891 761 1153 803 adscendisset
1175 763 1218 803 in
1241 763 1413 814 urbem3

228 839 358 880 Ultro
379 837 518 879 Asiam
541 851 689 891 magno
712 834 884 886 Pelopea
906 833 953 872 ad
977 833 1138 872 moenia
1158 834 1271 876 bello

229 912 480 961 Venturam,
512 921 552 950 et
573 908 727 949 nostros
750 921 794 946 ea
816 907 900 945 fata
925 920 1087 946 manere
1108 919 1291 962 nepotes.

229 984 412 1025 Talibus
438 983 588 1024 insidiis
611 981 846 1037 perjurique
866 988 949 1018 arte
972 977 1140 1019 Sinonis
1489 994 1567 1038 195

230 1057 401 1097 Credita
421 1070 499 1105 res,
532 1055 724 1108 captique
742 1051 848 1092 dolis
870 1051 1129 1104 lacrimisque
1151 1051 1323 1103 coactis,

229 1129 351 1182 Qos
375 1142 508 1182 neque
530 1126 735 1182 Tydides,
769 1139 842 1164 nec
866 1122 1092 1164 Larissaeus
1114 1124 1322 1176 Achilles,

226 1186 330 1242 Non
354 1202 449 1242 anni
473 1200 665 1240 domuere
687 1199 843 1247 decem,
877 1212 959 1237 non
983 1197 1096 1236 mille
1117 1197 1315 1236 carinae„

228 1275 310 1315 Hic
329 1275 437 1314 aliud
460 1271 769 1329 majus'miseris
792 1270 1008 1324 multoque
1030 1270 1286 1310 tremendum

227 1345 446 1401 Objieitur
467 1344 614 1399 magis,
647 1353 770 1396 atque
793 1343 1007 1396 inprovida
1029 1342 1190 1396 peclora
1210 1343 1364 1382 turbat.
1485 1357 1567 1387 200

228 1416 425 1458 Laocoon
448 1417 595 1456 duclus
617 1415 821 1469 Neptuno
845 1417 947 1456 sorte
969 1415 1150 1456 sacerdos

228 1489 448 1530 Sollemnis
471 1499 633 1528 taurum
658 1490 866 1543 ingentem
884 1488 1085 1528 maelabat
1107 1488 1155 1527 ad
1177 1502 1279 1527 aras.

228 1562 339 1602 Ecce
363 1572 498 1609 autem
522 1562 674 1616 gemini
699 1576 720 1599 a
742 1561 919 1601 Tenedo
942 1560 1167 1614 tranquilla
1190 1575 1258 1613 per
1281 1561 1379 1610 alta,

227 1634 450 1688 (Horresco
471 1632 667 1685 referens)
695 1631 883 1672 inmensis
904 1632 1073 1671 orbibus
1090 1646 1245 1686 angues

228 1707 484 1752 incumbunt
507 1705 666 1758 pelago,
701 1705 931 1757 pariterque
953 1703 999 1742 ad
1023 1703 1145 1743 litora
1167 1704 1369 1745 tendunt:
1480 1721 1559 1763 205

225 1778 394 1818 l’ectora
416 1792 591 1832 quorum
616 1778 720 1816 inter
743 1776 890 1816 fiue‘rus
915 1775 1073 1815 adrees‘va
1088 1777 1296 1831 jubaeque

229 1850 483 1906 Sanguineae
506 1850 747 1902 exsuperant
774 1849 902 1888 undas
924 1863 932 1888 z
969 1862 1058 1902 pars
1081 1860 1212 1890 cetera
1236 1859 1408 1905 pontum
