1685 3093
242 106 340 151 DE
387 106 626 150 CARM.
674 105 912 151 EPICO
956 106 1271 153 VIRGIL.
1360 124 1417 170 43

73 212 258 257 Aeneide
280 213 392 254 secus
413 212 473 254 sit.
536 214 658 254 Alter
689 214 737 255 ad
769 214 940 270 Virgilii
971 215 1218 271 elegantiam
1246 216 1326 256 hoc
1347 230 1415 257 re·-

83 286 180 336 sert,
203 284 331 339 quod,
353 299 450 325 cum
472 286 709 341 Augustum
728 287 852 327 vellet
874 289 1179 339 adumbratum,
1212 288 1422 331 nerninem

76 358 113 398 ei
147 358 299 398 virtute
331 371 467 410 parem
499 359 747 400 adiunxerit.
811 358 1039 401 Enimuero
1059 375 1155 402 cum
1186 362 1423 416 argumenti

74 429 234 471 indoles
256 440 297 469 et
324 439 470 470 natura
492 432 619 471 totius
641 431 899 472 traetationis
927 432 1113 474 mensura
1130 442 1171 474 et
1191 434 1334 488 regula
1354 433 1420 485 fit,

76 502 215 557 plures
240 502 380 556 vtique
405 502 605 541 fa6t0rum
624 512 665 541 et
685 515 819 541 rerum
839 502 1039 557 gestarum
1072 504 1169 544 socii
1190 513 1230 544 et
1250 505 1422 557 partici-

77 589 146 629 pes
182 573 256 614 effe
289 583 522 628 nequeunt,
563 588 688 626 quarn
721 588 824 628 quos
855 589 916 616 res
950 576 1033 628 ipsa
1066 576 1272 630 postulat3
1303 586 1360 628 et,
1393 575 1423 617 fi

74 631 228 702 paucos
251 647 370 697 alios,
404 647 476 702 qui
512 648 665 690 virtute
684 648 909 698 emineant,
942 647 985 687 in
1017 662 1181 688 carmen
1212 649 1329 689 suurn
1351 649 1419 688 in·

73 719 195 759 duxit
217 732 351 773 poeta,
384 734 516 774 neque
538 720 635 760 adeo
657 719 877 759 Homerica
909 720 1173 775 ingeniorum
1193 730 1233 760 et
1254 736 1419 762 morum

76 791 307 835 diuersitate
341 792 540 832 delcetat:
583 801 622 831 at
659 792 896 845 sapientiam
933 794 1011 833 viri
1045 794 1242 833 miremur
1281 794 1421 835 saltem

78 864 123 905 in
145 866 241 914 hoc,
276 865 383 919 quod
409 874 524 904 tanto
545 866 674 919 magis
699 866 803 905 inter
822 880 962 907 omnes
984 881 1090 907 vnus
1112 868 1274 907 Aeneas
1297 868 1424 923 infig-

79 938 144 978 nis
166 939 319 977 virtute
335 938 505 988 eminet,
538 951 611 977 nec
633 939 718 980 eius
749 937 949 990 splendori
973 940 1190 993 quisquam
1221 939 1324 980 alius
1347 938 1426 981 nifi

80 1008 260 1055 Turnus
284 1010 404 1059 forte,
428 1010 574 1050 officit.
621 1009 740 1062 Quae
760 1024 818 1049 res
835 1020 951 1051 tanto
966 1011 1173 1052 difficilior
1192 1022 1294 1062 erat,
1325 1027 1426 1054 cum

77 1081 113 1121 is
151 1096 227 1121 nec
260 1081 457 1124 Achillea
491 1081 631 1133 aliqua
661 1082 841 1134 corporis
873 1083 1083 1137 animique
1110 1085 1263 1126 virtute
1282 1099 1425 1125 omnes

79 1153 273 1196 mortales
296 1153 531 1202 antecellat,
565 1166 657 1202 nee,
690 1154 884 1206 quorsum
907 1156 1097 1195 immanis
1117 1155 1272 1196 efferati
1295 1158 1425 1200 animi

80 1225 298 1273 iracundia
319 1237 388 1273 aut
409 1236 598 1284 acceptus
615 1225 794 1271 Patrocli
817 1227 959 1267 funere
980 1228 1096 1268 dolor
1115 1240 1335 1282 erupturus
1357 1229 1422 1286 fit,

81 1297 285 1341 sollicitos
305 1313 379 1344 nos
401 1309 549 1340 teneat.

138 1368 206 1409 De
227 1371 343 1411 versu
366 1370 536 1426 Virgilii
574 1374 690 1426 epico
711 1374 877 1429 eiusque
908 1376 956 1415 ad
988 1390 1125 1418 aurem
1158 1375 1356 1416 suauitate
1376 1389 1424 1416 ac

80 1442 284 1497 grauitate
302 1444 507 1484 nonnulla
528 1444 730 1499 disputare
754 1448 929 1498 iuuaret,
948 1448 1021 1489 nisi
1044 1450 1238 1490 maiorem
1260 1448 1426 1489 subtili-

81 1521 207 1553 tatem
228 1528 274 1553 ea
295 1528 356 1554 res
378 1515 559 1567 haberet,
593 1533 716 1572 quam
738 1530 782 1560 vt
804 1522 1012 1577 legentum
1035 1523 1194 1562 animos
1213 1531 1255 1561 et
1281 1521 1426 1562 oculos

80 1595 219 1632 tenere
243 1589 372 1641 poffit.
435 1587 546 1628 Illud
577 1605 704 1631 vnum
727 1595 1003 1644 monebimus,
1035 1595 1079 1636 in
1099 1609 1273 1638 errorem
1301 1594 1426 1634 indu-

83 1672 172 1698 cere
196 1659 420 1699 iuuenilem
444 1662 630 1702 animum
652 1664 778 1704 videri
801 1681 885 1716 eos,
919 1668 990 1720 qui
1027 1668 1145 1707 nimii
1179 1668 1223 1706 in
1244 1681 1292 1706 eo
1313 1667 1425 1716 sunt,

81 1741 128 1775 vt
149 1731 196 1771 ad
220 1746 354 1775 rerum
387 1733 504 1776 sonos
539 1745 579 1773 et
615 1746 778 1776 naturas
800 1738 1128 1780 accommodatos
1154 1749 1195 1780 et
1231 1740 1426 1779 formatos

82 1803 218 1847 velint
238 1802 313 1844 effe
338 1805 487 1845 versus.
550 1805 757 1860 Equidem
777 1825 860 1850 non
883 1811 1056 1850 diffiteor
1077 1811 1233 1850 sensum
1250 1825 1313 1850 me
1335 1810 1425 1851 ani-

82 1875 139 1914 mi
175 1876 445 1931 refragantem
489 1879 650 1930 habere,
686 1883 1014 1936 quotiescunque
1055 1883 1286 1936 persuadere
1323 1882 1426 1924 mihi

83 1947 197 1997 volo,
241 1962 439 2003 magnum
480 1951 662 2005 aliquem
703 1964 862 2008 poetam
899 1954 1005 1994 aestu
1048 1965 1253 1996 tantarum
1291 1972 1427 2001 rerum

83 2021 298 2075 abreptum
320 2031 359 2060 et
381 2036 623 2078 magnorum
647 2027 975 2079 phantasmatum
994 2027 1033 2068 vi
1060 2028 1358 2071 inflammatum
1381 2031 1426 2071 in

85 2094 184 2142 sono
205 2095 346 2134 cursus
364 2096 558 2148 equestris
575 2098 638 2138 vel
656 2098 775 2138 tubae
797 2099 856 2139 vel
877 2099 1048 2139 aliarum
1069 2114 1202 2140 rerum
1223 2102 1429 2143 reddendo

84 2166 294 2216 laborare3
331 2168 532 2208 Attenuat
552 2182 597 2208 ea
618 2183 677 2209 res
701 2180 742 2209 et
777 2170 970 2224 deprimit
992 2173 1205 2228 ingenium
1227 2162 1366 2228 poetae
1385 2183 1428 2218 et

86 2240 184 2285 artis
207 2239 391 2292 poeticae
413 2240 669 2295 dignitatem.
733 2241 841 2283 Sunt
869 2253 1021 2295 tamen,
1054 2247 1128 2295 ais,
1160 2247 1259 2286 tales
1288 2247 1427 2288 versus

85 2309 129 2350 in
151 2312 309 2362 optimo
332 2326 496 2365 quoque
520 2322 649 2365 poeta.
715 2313 873 2365 Re&e;
908 2317 1000 2357 sunt
1023 2320 1164 2372 vtique
1185 2320 1331 2369 multi3
1356 2318 1428 2362 etsi

86 2381 225 2438 plures
247 2383 350 2427 alios
380 2384 427 2422 ad
451 2384 529 2423 hoc
552 2384 661 2425 lusus
683 2400 812 2441 genus
835 2390 1141 2430 accommodare
1166 2391 1263 2430 solet
1283 2403 1428 2434 eorum

85 2454 318 2509 ingenium,
362 2456 433 2510 qui
481 2456 631 2497 talibus
670 2459 789 2501 rebus
826 2460 1060 2516 indulgent.
1124 2460 1197 2501 Sed
1241 2463 1343 2504 mihi
1378 2462 1429 2506 ad

87 2526 267 2580 poetices
291 2518 471 2567 indolem
494 2529 659 2581 propius
682 2529 755 2569 effe
779 2531 937 2570 videtur
967 2532 1151 2582 statuere,
1190 2535 1316 2588 ipsam.
1334 2550 1428 2575 ora-

87 2599 214 2638 tionis
249 2608 437 2640 naturam
460 2600 516 2639 ita
536 2600 609 2640 effe
632 2613 924 2654 comparatam,
959 2614 1002 2644 vt
1035 2605 1258 2646 multarum
1292 2621 1428 2660 rerum

90 2669 208 2710 sonos
262 2671 464 2725 exprimat
483 2690 495 2721 ;
548 2673 847 2712 inflammatum
906 2685 1042 2715 autem
1099 2677 1429 2730 phantasmatum

92 2740 219 2800 specie
239 2742 396 2784 obieeta
415 2744 615 2793 animum,
640 2759 736 2786 cum
756 2760 891 2787 rerum
913 2746 1063 2800 species
1083 2747 1154 2787 nbi
1171 2748 1430 2790 obuersantes

1382 2829 1430 2862 vt
