1685 3093
272 151 330 206 76
546 140 594 185 P.
618 141 842 183 V1Ro1L11
865 128 1098 199 Maefffloms
1121 137 1321 190 Aemus.
1440 134 1541 185 Lib.
1569 105 1625 189 Isi

267 253 562 310 Nympharum
586 249 747 289 domus.
809 243 879 283 hic
901 240 1016 283 fessas
1036 256 1121 283 non
1143 242 1314 285 vincula
1335 243 1452 286 navis

267 326 372 367 Ulla
392 333 533 365 tenent
554 337 562 361 ε
597 335 708 360 unco
729 331 815 359 non
837 316 992 371 adligat
1015 315 1196 356 anchora
1217 315 1368 356 morsu.

266 399 363 440 Huc
388 398 537 451 septem
563 395 721 434 Aeneas
743 390 942 431 conlectis
966 388 1142 429 navibus
1163 389 1278 428 omni
1530 403 1613 446 170

267 470 336 512 Ex
357 482 529 510 numero
552 466 683 507 subit:
719 477 765 504 ae
783 475 936 516 magno
958 459 1116 499 telluris
1135 472 1272 500 amore

264 542 418 598 Egreffi
440 550 579 595 optata
600 538 818 591 potiuntur
840 531 978 573 Troes
1001 545 1138 581 arena,

262 615 321 658 Et
342 615 420 656 sale
442 613 618 653 tabentis
640 619 748 650 artus
771 609 813 648 in
835 607 955 646 litore
977 613 1156 658 ponunt.

262 686 329 728 Ac
351 686 531 740 primum
553 682 655 724 silici
680 680 906 722 scintillam
926 678 1096 718 excudit
1118 677 1317 729 Achates,

262 758 534 812 suscepitque
557 757 696 811 ignem
720 753 851 802 foliis,
885 762 1008 805 atque
1030 750 1142 790 arida
1163 750 1324 791 circum
1530 764 1608 810 175

258 831 538 873 Nutrimenta
558 830 687 878 dedit,
721 826 941 880 rapuitque
964 824 1007 864 in
1029 823 1173 864 fomite
1195 824 1417 865 flammam.

258 904 380 945 Tum
402 917 577 944 cererem
600 908 846 952 conruptam
869 896 1009 946 undis,
1043 897 1298 951 cerealiaque
1327 911 1441 938 arma

258 977 502 1032 Expediunt
525 975 607 1014 festi
628 986 762 1013 rerum
781 988 794 1020 ;
827 970 1045 1024 frugesque
1066 979 1253 1023 receptas

259 1050 318 1092 Et
339 1060 489 1090 torrere
512 1054 656 1101 parant
677 1044 853 1086 flammis
874 1052 914 1082 et
937 1043 1125 1097 frangere
1145 1043 1256 1082 saxo.

258 1121 420 1162 Aeneas
447 1117 663 1172 scopulum
685 1117 841 1157 interea
861 1114 1118 1164 conscendit,
1150 1123 1191 1154 et
1212 1129 1380 1156 ornnem
1530 1116 1610 1163 180

257 1192 524 1246 Prospe&um
545 1191 626 1230 late
650 1189 796 1244 pelago
818 1188 947 1243 petit3
981 1187 1151 1228 Anthea
1171 1185 1197 1226 fi
1219 1201 1303 1241 qua

254 1265 468 1320 jactatum
490 1273 617 1305 vento
637 1263 772 1303 videat
793 1260 1074 1316 Phrygiasque
1097 1259 1283 1310 biremis,

256 1338 349 1378 Aut
370 1335 537 1392 Capyn,
569 1346 640 1375 aut
661 1333 774 1375 celsis
794 1335 837 1374 in
861 1333 1068 1387 puppibus
1089 1346 1200 1372 arma
1222 1331 1359 1373 Cai'ci.

257 1407 424 1450 Navem
446 1410 489 1448 in
512 1407 732 1462 conspeetu
756 1407 933 1446 nullam.
994 1405 1070 1445 tris
1092 1404 1215 1444 litore
1236 1419 1378 1447 cervos

256 1479 461 1536 Prospicit
481 1482 655 1521 errantis
673 1495 681 1519 :
715 1480 790 1521 hos
808 1490 894 1520 tota
912 1487 1099 1519 armenta
1121 1478 1351 1532 sequuntur
1525 1482 1607 1538 185·

255 1554 295 1595 A
320 1565 451 1610 terg0‚
473 1564 514 1594 et
535 1554 708 1609 longum
732 1567 800 1606 per
820 1552 940 1592 vallis
957 1551 1138 1604 pascitur
1154 1565 1318 1605 agmen.

256 1625 460 1668 Constitit
480 1627 566 1676 hic,
600 1639 825 1679 arcumque
855 1639 978 1664 manu
1002 1623 1228 1677 celerisque
1252 1624 1419 1679 sagittas

255 1697 512 1755 Conripuit3
545 1698 649 1740 fidus
671 1712 775 1755 quae
797 1698 879 1739 tela
899 1697 1066 1756 gerebat
1086 1696 1270 1738 Achates
1289 1711 1298 1736 :

309 1849 416 1897 (¹74·
422 1847 436 1895 )
466 1845 726 1898 Reprehendit
740 1846 803 1884 hic
822 1845 916 1883 etin
934 1844 1038 1896 seqq.
1057 1843 1230 1897 inprimis
1252 1858 1326 1884 210
1342 1844 1422 1897 sqq.
1450 1847 1605 1896 poetam

252 1898 419 1937 Homius
439 1901 631 1936 Elements
651 1899 696 1936 of
719 1898 911 1936 Criticism
931 1899 984 1935 ’.Γ
1006 1899 1077 1936 111.
1100 1913 1138 1949 p.
1163 1913 1250 1950 232
1271 1911 1358 1948 229.
1377 1912 1452 1949 quo
1468 1899 1603 1939 eadem

253 1951 433 1989 orationis
454 1951 639 2001 grauitate
660 1964 716 1988 res
735 1951 899 1989 humiles
917 1960 1057 1995 narrat,
1079 1965 1156 2002 qua
1173 1951 1333 2003 grandes
1349 1961 1387 1988 et
1407 1951 1600 1991 sublimes.

253 2004 390 2042 Voluit
411 2004 494 2041 sane
515 2003 700 2054 Virgilius
721 2005 791 2041 hoc
810 2002 889 2054 ipso
907 1980 1108 2041 verboriim
1123 2016 1255 2042 ornatu
1274 2003 1364 2041 nobi
1353 2003 1513 2042 litatem
1532 2005 1602 2043 ob·-

253 2056 366 2094 scuris
386 2056 495 2093 rebus
512 2056 664 2094 addere.
723 2057 846 2094 Aliter
865 2056 1070 2101 Homerus,
1101 2057 1167 2107 qui
1187 2070 1266 2094 ora
1270 2057 1395 2094 ionem
1412 2057 1523 2094 rebus
1539 2070 1603 2095 ac·
1643 2074 1645 2076 ’

251 2109 471 2147 commodat
460 2124 498 2153 ;
529 2119 565 2144 et
582 2119 822 2159 praeceptum
844 2109 927 2145 sane
946 2108 1111 2158 primum
1132 2124 1170 2146 m
1189 2110 1262 2146 tale
1283 2123 1320 2146 re
1339 2110 1404 2154 est,
1424 2109 1525 2147 leues
1545 2123 1602 2148 res

252 2162 390 2198 leuiter
408 2162 476 2198 esse
498 2161 753 2211 attingendas‚
775 2172 815 2198 vt
833 2161 956 2199 obiter
973 2171 1120 2199 tantum
1142 2162 1288 2200 lectoris
1305 2161 1475 2199 animum
1490 2175 1602 2212 prae-s

251 2214 448 2264 stringant.
508 2215 579 2250 Sed
605 2214 718 2250 habet
739 2215 824 2265 poe':
829 2227 849 2250 a
868 2227 933 2264 qui
923 2213 1025 2263 isque
1045 2213 1159 2251 seculi
1186 2215 1240 2251 iui
1269 2215 1455 2258 Genium,
1478 2214 1539 2252 cui
1558 2214 1601 2253 in

252 2266 446 2303 nonnullis
467 2266 514 2304 est
533 2265 748 2310 litandum
779 2276 817 2303 et
835 2280 897 2302 vrc
902 2267 1033 2303 borum
1054 2279 1093 2303 01
1099 2280 1142 2303 n
1136 2277 1278 2305 menta
1294 2281 1326 2304 a
1317 2266 1366 2304 'ia
1391 2267 1601 2317 splendoris

250 2328 290 2355 ct
307 2318 548 2356 sublimitatis
570 2318 670 2362 sunt,
702 2319 778 2356 alia
793 2319 1006 2370 elegantiae
1023 2330 1059 2355 et
1080 2318 1291 2365 suauitatis,
1313 2332 1411 2370 quae
1428 2319 1527 2358 recte
1541 2333 1602 2357 re·

252 2368 323 2408 bus
343 2371 456 2408 etiam
473 2371 680 2408 humilibus
701 2348 975 2409 accommodari
993 2372 1155 2420 poliunt.

306 2424 392 2474 236.
423 2425 708 2473 Achatcsstrikes
726 2426 892 2473 theflimt
900 2423 914 2473 ]
972 2423 1055 2462 'Tis
1077 2424 1315 2462 remarkable
1335 2424 1418 2461 that
1447 2424 1508 2462 M.
1531 2424 1600 2462 Se-

250 2476 351 2524 grais
370 2476 436 2513 has
454 2476 612 2514 omitted
628 2477 702 2514 this
722 2476 1016 2514 circumstance
1005 2490 1044 2513 m
1065 2477 1122 2514 his
1147 2477 1379 2514 transsation.
1436 2477 1499 2514 He
1517 2478 1600 2514 tells

253 2540 310 2571 υς,
333 2529 415 2564 that
431 2539 468 2565 to
487 2528 602 2579 adapt
619 2528 675 2566 his
695 2528 799 2567 work
819 2540 857 2566 to
873 2529 934 2566 the
951 2530 1098 2566 French
1116 2542 1305 2574 manners,
1333 2529 1380 2566 he
1395 2527 1512 2566 dared
1531 2538 1601 2568 not

248 2578 335 2628 give
356 2580 537 2623 Achates,
557 2582 619 2618 the
637 2593 744 2632 great
765 2581 949 2618 favourite
967 2581 1015 2618 of
1036 2582 1099 2618 the
1118 2583 1224 2626 hero,
1242 2581 1279 2620 so
1298 2594 1407 2619 mean
1427 2595 1473 2619 an
1492 2581 1600 2619 office

250 2643 289 2669 as
309 2632 392 2668 that
411 2632 455 2669 of
477 2633 517 2681 lig
518 2610 660 2684 g’htingb
661 2648 681 2671 a
700 2634 780 2672 fire.
837 2634 925 2671 The
942 2634 1054 2672 Latin
1077 2644 1218 2685 tongue
1235 2634 1310 2672 and
1330 2634 1393 2671 the
1409 2634 1493 2672 anci
1497 2645 1597 2678 ents,

252 2683 468 2742 (continues
490 2687 534 2721 frte
540 2687 570 2732 ,)
597 2698 657 2721 are
678 2686 763 2722 able
784 2696 822 2723 to
846 2686 932 2737 give
963 2699 984 2722 a
1014 2700 1050 2737 g
1043 2686 1267 2724 ·acefulness
1287 2696 1326 2724 to
1344 2681 1417 2724 this
1445 2686 1485 2724 ki
1488 2687 1539 2724 nd
1558 2686 1605 2724 of

248 2734 458 2786 paintings,
489 2737 563 2773 ⁴md
584 2748 621 2774 to
639 2751 694 2774 m
681 2738 749 2775 ke
732 2738 852 2776 such
875 2739 947 2775 low
967 2738 1251 2777 circumstances
1272 2737 1496 2789 agreeable3
1528 2739 1599 2776 but·

250 2786 339 2837 they
359 2790 484 2826 would
520 2789 563 2827 be
593 2790 658 2828 hi<
635 2791 728 2842 gbly
749 2790 954 2842 disgusting
976 2801 1013 2828 to
1032 2803 1101 2828 our
1120 2804 1204 2844 age.
1262 2791 1380 2829 What
1408 2804 1479 2829 can
1508 2791 1598 2843 give

1519 2855 1595 2882 one
