1685 3093
244 214 341 260 DE
388 210 626 257 CARM.
675 210 908 258 EPICO
954 211 1258 257 VIRGIL.
1367 227 1419 272 35

85 318 164 360 mis
186 319 376 371 Homeri,
408 320 575 376 vestigia
598 320 807 375 agnoscas.
870 318 947 360 Sed
978 320 1020 360 in
1056 319 1195 359 eadem
1231 319 1416 359 Aeneide

78 393 214 432 multo
249 394 469 433 d0&10rem
504 405 545 433 et
580 391 888 448 ingeniofiorem
928 394 1176 433 imitatorem
1216 394 1414 448 agnoscas

78 465 214 515 facile,
247 481 371 520 quam
401 467 442 506 in
465 466 654 519 Eelogis‚
686 466 726 504 in
756 466 906 518 quibus
928 466 1057 505 multa
1079 467 1216 518 paffim
1237 466 1370 506 aliena
1390 483 1415 506 a

75 550 214 577 rerum
236 548 405 578 veritate
432 548 472 577 et
494 539 649 578 ratione
677 536 801 590 posita
836 540 1090 589 notauimus,
1122 548 1162 578 et
1192 539 1271 578 alia
1292 528 1434 579 facile'

75 610 209 649 notari
239 609 419 664 possunt,
452 611 495 650 in
524 626 628 664 quae
649 620 767 663 poeta
789 611 975 650 imitandi
999 611 1128 651 studio
1150 626 1292 664 parum
1315 612 1412 652 sub-

73 681 139 721 tili
163 682 327 733 incidit,
359 695 404 724 vt
437 698 532 723 curn
568 683 698 736 pastor
733 683 939 733 indotstus,
971 685 1133 723 Ararim
1169 694 1210 723 et
1247 683 1414 725 Oaxem

71 764 288 805 memorat,
302 765 373 796 aut
389 757 432 796 in
450 755 532 796 illis
552 771 561 796 :
586 765 706 810 nuper
720 771 775 796 me
796 755 835 796 in
851 755 979 796 littore
999 756 1100 806 vidi,
1119 766 1214 796 aut:
1239 758 1412 798 nouimus

73 836 109 867 et
129 828 195 881 qui
213 838 264 878 te,
296 838 336 868 et
357 828 396 868 id
418 843 548 883 genus
579 829 671 869 alia.
731 828 883 882 Neque
905 843 1000 867 vero
1027 829 1124 868 haec
1148 827 1410 870 Graecorum

71 899 253 941 imitatio
285 911 355 942 aut
385 902 554 957 ingenio
574 915 708 942 carere
734 911 806 941 aut
828 900 980 941 iudicio
1009 901 1189 953 putanda
1207 901 1278 942 est.
1339 901 1413 943 Est

70 972 183 1012 enim
211 973 388 1013 imitatio
422 975 520 1013 haec
545 988 806 1027 nequaquam
831 974 986 1013 seruilis
1019 973 1090 1013 illa
1110 983 1181 1013 aut
1202 973 1408 1026 afrenata,

72 1045 303 1085 cuiusmodi
326 1046 375 1084 ab
393 1046 565 1100 ingenio
588 1046 687 1086 exili
711 1056 752 1085 et
787 1047 940 1102 ignauo
971 1044 1171 1099 proficisci
1195 1046 1309 1096 solet,
1333 1062 1408 1087 ne-v

71 1131 153 1171 que
175 1117 217 1157 in
248 1117 416 1156 alterius
447 1126 587 1169 poetae
610 1117 761 1167 verbis,
795 1117 925 1159 modis
956 1128 997 1158 et
1031 1119 1173 1174 figuris
1204 1121 1409 1162 variandis

70 1191 243 1242 turpiter
279 1190 440 1244 ingenii
475 1190 580 1230 vires
610 1190 774 1230 attriuit
804 1199 951 1243 βοείας
984 1191 1047 1231 sed
1082 1192 1151 1231 vbi
1176 1203 1411 1233 occurrerat

72 1259 229 1313 aliquid
249 1260 298 1300 ab
319 1260 402 1301 alio
414 1261 651 1315 ’cogitatum
672 1262 735 1303 vel
769 1262 1006 1314 inuentum,
1038 1263 1171 1304 statim
1191 1278 1274 1304 rem
1296 1263 1419 1304 suam-

47 1326 49 1328 ’
69 1331 185 1382 fecit,
217 1343 256 1372 et
278 1332 501 1373 Homerico
522 1334 800 1387 phantasmate
821 1334 954 1375 taetus
985 1335 1164 1384 animus,
1198 1344 1409 1389 tamquam

68 1404 252 1446 scintilla
286 1406 434 1446 idoneo
459 1406 602 1460 fomite
635 1415 822 1458 excepta,
856 1404 990 1445 statim
1012 1407 1174 1447 flamma
1195 1417 1407 1460 correptus

68 1477 260 1528 incaluit,
291 1488 331 1518 et
352 1491 504 1533 magno
526 1478 719 1518 incendio
738 1476 897 1518 exarsit.
960 1477 1072 1519 Hinc
1103 1494 1236 1519 nouae
1269 1495 1408 1521 rerum

68 1551 237 1600 formae,
270 1566 380 1591 noua
413 1565 578 1605 genera,
610 1566 740 1592 nouae
776 1551 982 1591 interdum
1021 1559 1203 1590 naturae.
1265 1551 1407 1592 Nemo

65 1624 207 1673 facile,
240 1622 268 1664 fi
306 1622 464 1678 singula
499 1623 765 1678 recognoscat
793 1631 835 1662 et
869 1622 1069 1672 excutiat,
1097 1638 1182 1663 non
1205 1623 1407 1678 intelligit

65 1692 315 1750 Virgilium,
346 1696 471 1735 etiam
500 1695 568 1735 vbi
605 1693 726 1747 preffe
749 1694 947 1748 sequitur,
979 1694 1102 1735 modo
1130 1695 1405 1752 castigatiore,

66 1766 302 1820 pulchriore
322 1767 384 1807 vel
406 1766 635 1822 augustiore
654 1768 710 1807 rei
744 1766 1039 1820 phantasmate,
1073 1765 1213 1808 Latini
1251 1769 1402 1808 sermo-

64 1842 128 1880 nis
149 1841 370 1896 elegantia,
404 1850 474 1880 aut
495 1855 607 1880 nouo
629 1854 763 1879 rerum
784 1849 949 1890 ornatu,
980 1841 1103 1879 modo
1132 1841 1305 1880 deduEta
1340 1842 1402 1881 fe-

67 1912 206 1953 liciter
227 1928 273 1953 ac
295 1913 447 1953 deflexa
467 1913 515 1952 ad
538 1912 649 1952 aliud
670 1926 806 1952 rerum
837 1925 967 1967 genus
988 1912 1185 1952 sententia
1216 1913 1279 1954 vel
1308 1928 1401 1954 ora-

60 1985 190 2036 tione,
221 1984 383 2025 certasse
432 1999 528 2024 cum
565 1982 732 2025 Graeco
769 1994 902 2037 poeta.
963 1985 1157 2039 Inprimis
1193 1995 1328 2025 autem
1362 1987 1400 2026 se

62 2056 263 2098 Romanis
291 2058 334 2098 in
357 2055 525 2097 Homeri
547 2057 778 2098 imitatione
800 2072 1046 2113 magnopere
1067 2057 1236 2110 probare
1257 2057 1400 2096 debuit

60 2131 199 2171 cultus
234 2129 433 2185 Augustei
457 2130 598 2180 seculi,
631 2145 715 2184 quo
736 2130 972 2184 simplicitas
996 2130 1155 2169 inculta
1176 2139 1215 2168 et
1236 2129 1400 2169 horrida

59 2201 266 2242 interdum
301 2201 471 2242 Homeri
509 2202 681 2243 vetustas
703 2203 827 2243 modo
861 2203 907 2244 ad
942 2202 1211 2243 honestiorem
1244 2212 1284 2241 et
1316 2202 1395 2240 mi-

57 2275 203 2315 tiorem
223 2274 385 2314 cultum
406 2288 429 2314 a
453 2273 648 2326 Marone,
679 2277 802 2317 modo
821 2276 868 2315 ad
889 2276 1181 2330 elegantiorem
1203 2284 1396 2313 ornatum

57 2355 282 2398 temperata
312 2344 382 2385 est.
445 2343 538 2386 Hoc
573 2348 743 2388 nomine
779 2348 860 2401 ipse
894 2348 1053 2388 Aeneas
1086 2361 1253 2400 quoque
1275 2360 1391 2385 com-

58 2418 330 2458 mendabilior
351 2418 479 2458 videri
513 2421 665 2472 potuit.
728 2420 941 2461 Omnibus
974 2422 1062 2460 cius
1096 2420 1232 2468 laetis,
1264 2419 1391 2458 meri-

57 2489 134 2532 bus
174 2505 221 2531 ac
256 2490 376 2532 dietis
417 2491 557 2531 mitior
598 2490 748 2544 aliquis
790 2492 1058 2530 humanitatis
1095 2491 1234 2530 cultus
1272 2490 1386 2530 inest.

58 2564 292 2616 Apparatus
330 2563 465 2611 rerum
503 2563 596 2602 sunt
629 2562 886 2611 ornatiorc53
919 2575 1156 2603 ornamenta
1190 2563 1389 2618 dignitas,

57 2633 245 2685 splendor
279 2643 319 2674 et
349 2634 568 2689 elegantia,
598 2644 886 2688 fimana-glemu,
919 2634 982 2674 s‹.-d
1019 2636 1186 2675 heroum
1209 2637 1389 2688 personis

54 2705 195 2760 digna,
228 2705 416 2746 illustrat.
477 2708 599 2760 Quae
634 2706 799 2760 quidem
835 2721 896 2746 res
931 2707 974 2746 in
1010 2707 1175 2762 longam
1205 2707 1387 2760 disputa-

54 2777 210 2819 tionem
248 2778 394 2820 adduci
446 2778 590 2833 posset,
632 2778 659 2820 fi
697 2778 831 2818 'animi
865 2780 993 2835 niz-gis
1033 2779 1214 2821 lubitum
1265 2792 1389 2833 quam

672 2850 713 2892 D
747 2865 770 2894 2
1153 2852 1388 2904 scriptionis
