1685 3093
188 187 243 230 24
514 169 1092 228 DISQVISITIO
1153 171 1190 213 1.

183 280 291 320 tium
313 279 649 334 comprehensum
668 276 680 317 ?
717 277 909 332 quorsum
930 276 978 315 dc
996 275 1195 316 nectendo
1216 285 1256 318 et
1272 274 1527 317 diffoluendo

185 354 297 393 nodo
322 355 361 393 h.
386 369 420 392 e.
447 355 491 392 dc
515 351 828 393 difficultatibuss
851 349 1022 390 obieGris
1043 347 1055 388 ?
1081 348 1127 388 de
1144 349 1415 402 episodiorum
1436 350 1524 390 affl*

184 427 313 466 nitate
335 437 375 466 et
398 440 505 466 nexu
538 440 633 465 cum
660 425 774 478 epica
797 420 1057 464 narratione?
1094 421 1206 461 Haec
1237 421 1465 476 intelligere
1486 430 1528 460 et

184 497 333 553 assequi
369 499 476 538 haud
515 497 613 536 adeo
652 495 819 535 difficile
859 494 912 534 cst
934 514 943 543 3
981 494 1042 534 sed
1084 494 1346 533 difficultates
1387 492 1528 547 paullo

183 572 355 611 maiores
379 582 479 610 tunc
501 570 742 618 nascuntur,
776 567 801 608 sl
828 569 868 608 in
893 583 974 607 rem
1000 567 1248 620 praesentem
1271 565 1528 606 deducendae

184 645 279 684 sunt
320 643 414 683 istac
451 644 763 696 disputationez
795 652 838 680 vt
861 652 1066 694 appareat,
1102 654 1184 693 qua
1205 640 1362 678 ratione
1381 648 1421 677 et
1443 647 1528 678 arte

185 715 227 755 in
269 730 420 770 ma51to
461 716 659 755 factorum
702 729 871 754 numero
912 721 1199 768 argumentum
1244 711 1436 751 carminis
1471 710 1530 750 ita

182 786 311 841 digeri
348 798 387 827 et
418 787 602 827 adornari
642 789 775 840 poflit,
808 797 851 825 vt
882 787 928 826 ad
962 787 1162 826 vnitatcm
1194 784 1417 823 deducatur
1448 797 1527 824 res.

184 859 279 899 Hoc
304 861 471 915 ingenio
494 870 634 913 poetae
656 859 935 911 relinquitur3
971 858 1059 911 qui7
1078 856 1101 897 si
1124 858 1170 896 ad
1197 858 1274 896 'noc
1297 856 1388 896 satis
1411 857 1528 911 inge-

182 933 256 972 nio
277 933 402 982 val-st,
436 932 570 972 multo
602 930 731 986 magis
753 940 1062 988 praeceptorum
1083 929 1251 971 istorum
1272 928 1435 983 copiosa
1455 943 1528 969 ex-

184 1004 382 1057 positione
404 1006 570 1044 carebit.

245 1076 305 1116 Vt
329 1092 421 1116 vero
444 1077 660 1118 admiratio
682 1078 736 1116 rei
760 1091 929 1132 magnae
951 1076 1135 1116 animum
1164 1084 1298 1114 tenere
1330 1084 1370 1114 et
1391 1073 1527 1114 delec-

182 1151 340 1191 tatione
375 1149 614 1203 pcrsundere
648 1150 779 1201 poffit,
826 1149 919 1202 quis
956 1161 1040 1188 non
1080 1146 1209 1196 videt,
1251 1160 1297 1186 ca
1329 1146 1468 1186 omnia
1507 1159 1530 1185 a

183 1234 305 1278 poeta
331 1223 463 1262 curari
493 1232 534 1261 et
563 1221 758 1277 sagaciter
793 1221 999 1276 prouideri
1035 1221 1197 1271 debere,
1229 1235 1332 1274 quae
1354 1219 1402 1260 ad
1426 1219 1531 1260 illud

184 1295 402 1335 consilium
425 1294 618 1348 prodesse,
650 1295 783 1335 caueri
808 1295 951 1335 debere
971 1308 1032 1344 ea,
1065 1309 1167 1349 quae
1188 1292 1319 1333 obesse
1348 1291 1525 1345 poffint?

182 1379 278 1408 ante
301 1369 438 1408 omnia
456 1367 615 1409 lcc'ioris
637 1370 821 1409 animum
851 1367 1081 1424 argumenti
1104 1366 1273 1407 notione
1294 1365 1435 1419 aliqua
1454 1362 1532 1404 esse

184 1440 473 1491 imbuendum,
520 1450 564 1481 vt
600 1456 676 1481 nec
712 1451 847 1480 tamen
880 1440 1116 1490 exsatietur,
1161 1440 1203 1480 in
1235 1438 1410 1479 mediam
1444 1452 1530 1478 rem

182 1512 260 1553 effe
282 1513 539 1566 rapiendum,
571 1529 750 1568 cumque
781 1514 921 1554 omnia
951 1513 1000 1552 ad
1031 1512 1164 1552 sensus
1191 1520 1231 1551 et
1253 1510 1533 1565 phantasmata

185 1587 229 1627 in
253 1586 433 1625 carmine
455 1585 637 1630 redeant,
668 1600 801 1625 rerum
832 1584 1085 1624 obieffiarum
1117 1581 1342 1638 praestigiis
1373 1582 1429 1622 ita
1457 1581 1530 1621 de-

185 1658 418 1699 liniendum
439 1669 479 1697 et
501 1658 747 1707 fallendum,
785 1667 831 1696 vt
861 1657 1003 1696 iamin
1033 1654 1112 1694 alia
1143 1668 1279 1694 rerum
1314 1663 1461 1695 natura
1490 1661 1532 1694 et

183 1732 345 1782 ordine,
377 1731 455 1771 alia
477 1731 706 1786 cogitandi,
740 1729 939 1770 sentiendi
971 1739 1012 1769 et
1041 1727 1184 1784 agendi
1208 1727 1273 1767 via
1292 1736 1332 1767 et
1353 1728 1530 1779 ratione,

185 1805 278 1845 aliis
301 1806 570 1858 temporibus,
603 1805 708 1844 inter
729 1803 830 1843 alios
852 1802 1057 1850 homines,
1090 1810 1130 1840 et
1150 1810 1266 1840 extra
1288 1800 1323 1840 se
1341 1800 1530 1841 solitum·-

185 1892 267 1932 que
289 1877 394 1918 vitae
416 1886 601 1916 tenorem
624 1875 890 1925 constitutus,
923 1875 965 1915 in
996 1873 1102 1915 nihil
1135 1873 1308 1924 incidat,
1341 1888 1424 1928 quo
1456 1888 1530 1915 ex-

186 1948 444 2005 pergefaCtus
476 1947 587 2004 quasi
622 1962 672 1987 ex
708 1962 830 1987 aureo
866 1947 1024 1987 somnio
1060 1945 1130 1987 fibi
1164 1946 1300 1987 lusum
1331 1946 1417 1988 fieri
1439 1948 1531 1988 ani-

186 2023 440 2071 maduertat3
465 2021 502 2061 id
526 2021 634 2076 quod
653 2019 733 2061 sine
751 2019 1036 2076 indignatione
1057 2030 1097 2060 et
1119 2021 1372 2075 poenitentia
1391 2021 1533 2076 aliqua

185 2098 293 2146 eius,
327 2096 397 2149 qui
422 2094 470 2134 ad
490 2094 525 2134 se
547 2094 683 2144 rediit,
717 2092 801 2134 fieri
824 2107 907 2133 non
930 2090 1074 2147 potest.
1138 2091 1250 2133 Hinc
1268 2106 1290 2131 a
1310 2093 1408 2132 viris
1429 2092 1531 2133 doc-

184 2170 242 2211 tis
263 2168 396 2209 multa
425 2182 521 2207 curn
551 2179 702 2221 magno
734 2164 945 2219 legentum
978 2163 1115 2205 fruetu
1144 2164 1350 2218 disputata
1371 2165 1463 2206 sunt
1483 2165 1533 2206 de

185 2241 476 2299 probabilitate
511 2237 672 2295 poetica
704 2250 749 2275 ac
781 2235 965 2293 mythica
996 2246 1036 2276 et
1075 2237 1123 2278 de
1161 2237 1532 2290 verisimilitudine,

186 2330 311 2370 quam
331 2318 452 2368 poeta
473 2311 611 2353 sectari
635 2309 770 2358 debet,
793 2310 863 2364 qui
882 2324 966 2350 non
985 2311 1065 2365 ipse
1085 2311 1173 2352 vult
1189 2312 1257 2352 sua
1273 2312 1361 2353 aaa
1376 2312 1530 2352 rescin-

184 2389 294 2429 dere.
347 2386 538 2428 Omnino
556 2383 602 2424 ad
618 2384 725 2424 hanc
740 2381 988 2434 illusionem,
1004 2399 1128 2438 quarn
1150 2385 1392 2425 recentiores
1414 2398 1530 2424 com-

184 2461 305 2502 mode
323 2470 490 2509 vocant,
511 2458 720 2515 pleraque,
736 2471 840 2512 quae
854 2457 901 2497 de
914 2457 1095 2497 carmine
1111 2457 1229 2511 cpico
1242 2470 1337 2496 cum
1353 2455 1533 2495 vtilitate

184 2535 323 2589 aliqua
342 2533 517 2587 praecipi
541 2530 721 2586 possunt,
739 2544 929 2572 reuocare
956 2530 996 2570 in
1028 2540 1191 2584 promtu
1208 2528 1284 2578 est;
1307 2538 1348 2568 et
1362 2528 1408 2568 ad
1425 2528 1531 2568 hane

185 2620 374 2647 normam
404 2603 467 2644 vel
500 2603 677 2644 maxime
708 2617 900 2642 reuocare
937 2602 1045 2643 soleo
1072 2617 1135 2651 ea,
1172 2615 1276 2655 quae
1308 2600 1356 2641 de
1385 2600 1532 2645 multis

184 2677 359 2732 Virgilii
390 2677 491 2716 locis
513 2689 536 2715 a
559 2673 661 2714 VV.
687 2674 794 2715 DD.
818 2676 1022 2730 disputata
1045 2677 1153 2716 sunt.

241 2748 469 2803 virgiliani
492 2748 621 2803 igitur
647 2748 841 2788 carminis
872 2748 986 2789 dotes
1014 2758 1057 2789 vt
1086 2748 1191 2789 reae
1221 2746 1453 2788 discernant
1483 2761 1532 2788 ac

177 2822 448 2879 perspiciant,
480 2821 528 2861 ad
565 2820 604 2863 id
639 2821 858 2861 intendant
891 2820 1052 2867 animos
1094 2820 1390 2870 adolescentes,
1431 2834 1530 2859 auc-

181 2908 246 2938 tor
269 2895 374 2947 sum,
407 2904 452 2936 vt
482 2903 687 2951 quantum
710 2909 808 2936 cum
829 2894 872 2936 in
896 2902 984 2937 toto
1007 2903 1252 2948 argumento
1273 2903 1362 2936 tum
1384 2894 1426 2934 in
1449 2890 1532 2933 sin-

595 2967 619 3012 8
1420 2964 1530 3021 gulis
