1685 3093
276 128 336 191 48
446 125 684 184 DIsz.
725 121 787 167 11.
858 120 952 166 DE
993 120 1150 166 RER.
1190 120 1268 166 IN
1307 120 1470 168 AEN.

264 234 498 282 istimabat;
549 233 591 272 in
623 232 703 271 hoc
731 230 844 270 enim
873 227 1011 280 innui,
1044 228 1228 271 Aeneam
1258 229 1303 270 in
1325 225 1461 270 Troia
1492 244 1616 274 man-

263 306 363 357 siss'e,
402 307 443 346 in
479 318 651 359 regnum
684 297 898 342 succeffiffe
929 298 1053 354 idque
1074 299 1240 353 posteris
1273 301 1354 342 suis
1387 303 1612 359 reliquiffe.

264 379 408 422 Potuit
430 388 563 418 tamen
587 375 788 415 Troianis
818 372 1009 427 imperari
1041 372 1092 412 ab
1117 373 1259 412 Aenea
1285 374 1411 415 etiam
1441 377 1535 417 aliis
1566 378 1612 420 in

263 453 387 502 locis,
416 451 539 491 etiarn
575 448 618 489 in
650 445 798 496 Italia3
842 455 884 486 et
915 445 979 487 vel
1015 445 1095 486 hoc
1131 442 1280 498 pofitO,
1311 446 1510 490 sententia
1541 450 1612 492 sua

267 524 493 566 Homerico
512 522 606 562 loco
629 519 814 570 constat3
845 517 955 574 quod
978 518 1057 558 iam
1081 515 1262 572 Dionys.
1286 517 1428 561 Halic.
1462 531 1611 564 acutus

263 596 451 651 scriptor,
482 594 603 644 vidit,
636 593 712 634 lib.
737 591 774 634 I.
807 607 844 633 c.
870 605 938 648 53.
1002 589 1129 646 QOd
1158 599 1241 630 tam
1268 590 1438 632 obscure
1459 608 1612 635 oracu-

261 671 350 712 lum
380 667 485 709 illud
515 665 710 721 Neptuni
740 665 893 706 extulit
925 663 1147 714 Homerus,
1180 661 1250 703 etfi
1281 663 1328 703 ad
1358 673 1546 707 naturam
1567 677 1610 709 et

260 757 414 784 morem
435 740 730 781 vaticiniorum
759 735 1064 778 accommodate
1094 734 1199 774 illud
1222 734 1378 776 factum
1399 735 1470 788 est,
1503 739 1609 779 ratio

259 825 398 856 tamen
419 815 505 856 eius
534 812 589 854 rei
611 810 723 851 reddi
745 809 874 864 potest
893 810 1019 849 etiam
1039 808 1138 848 haec
1161 808 1260 862 ipsa,
1293 808 1404 863 quod
1426 809 1469 849 in
1489 812 1606 852 terris

259 888 504 944 longinquis
525 899 700 940 regnum
723 882 828 923 illud
863 881 1028 922 Aeneae
1050 878 1322 920 constitutum
1350 890 1466 931 erat3
1499 882 1608 923 vnde

259 976 343 1003 non
366 958 438 1000 nisi
459 959 630 999 obscura
656 965 697 997 et
729 957 883 996 incerta
905 955 1013 995 fama
1032 954 1140 994 inter
1160 949 1348 993 Graecos
1384 952 1434 993 de
1453 968 1501 995 eo
1530 954 1606 996 effe

259 1042 430 1088 poterat.
477 1031 619 1084 Qam
642 1042 785 1082 parum
808 1027 918 1066 enim
942 1027 1248 1080 frequentatum
1267 1023 1442 1067 Graecis
1463 1036 1505 1067 et
1524 1042 1603 1068 no-

256 1116 347 1146 tum
368 1119 475 1145 mare
498 1102 770 1157 Tyrrhenum
790 1108 832 1140 et
844 1099 1105 1140 Adriaticum
1124 1097 1294 1138 Homeri
1313 1108 1442 1138 aetate
1458 1100 1603 1151 fuerit,

253 1178 317 1220 vel
350 1192 399 1218 ex
433 1174 634 1231 Odysseae
666 1173 816 1214 fabulis
847 1171 1073 1227 intelligas,
1105 1185 1209 1226 quae
1241 1172 1349 1211 intra
1380 1171 1453 1212 illa
1473 1175 1601 1215 maria

253 1250 542 1298 continentur,
573 1261 708 1302 neque
740 1246 833 1286 satis
857 1245 1125 1298 probabiliter
1152 1258 1174 1284 a
1195 1254 1314 1298 poeta
1336 1248 1488 1287 narrari
1523 1263 1599 1301 po-

254 1321 438 1371 tuissent,
471 1318 545 1360 nifi
574 1320 661 1360 eius
683 1318 952 1373 popularibus
975 1331 1119 1372 parum
1140 1317 1274 1358 adhuc
1295 1327 1396 1358 nota
1416 1318 1602 1374 adeoque

255 1394 406 1435 fabulis
427 1392 569 1433 idonea
591 1392 711 1448 plaga
732 1391 805 1432 illa
827 1389 973 1431 fuisset.

312 1466 374 1507 Vt
390 1476 525 1506 tamen
540 1464 674 1504 Troia
689 1462 826 1502 euersa
842 1461 1092 1516 discessuque
1109 1462 1369 1504 Achiuorum
1392 1463 1500 1504 faesio
1518 1464 1602 1506 dis-

254 1540 386 1595 persos
409 1540 506 1595 fuga
523 1537 733 1578 Troianos
755 1536 902 1575 iterum
924 1535 968 1575 in
988 1550 1033 1575 ca
1053 1534 1145 1576 loca
1165 1535 1398 1576 conuenisse
1419 1545 1460 1576 et
1481 1538 1599 1593 regni

252 1613 434 1668 aliquam
456 1612 628 1666 speciem
650 1606 859 1649 restituisse
881 1608 1110 1658 credamus,
1134 1607 1251 1661 plura
1272 1607 1392 1648 fidem
1414 1609 1598 1662 faciunt,

251 1696 291 1728 et
311 1701 360 1727 eo
390 1685 524 1740 plures
558 1690 771 1738 poetarum
802 1681 1054 1721 narrationes
1087 1680 1293 1721 alludunt.
1357 1680 1597 1724 Secundum

251 1773 337 1808 cos,
370 1770 473 1812 quos
496 1754 648 1809 Dictys
670 1752 743 1793 lib.
773 1751 832 1793 V.
867 1762 972 1793 extr.
1008 1752 1209 1808 sequitur,
1239 1749 1414 1809 regnum
1437 1754 1595 1796 Troia-

251 1845 350 1871 num
373 1827 577 1869 Antenori
609 1827 657 1867 ab
686 1826 865 1867 Achiuis
892 1841 941 1867 ex
974 1826 1092 1881 paeto
1124 1826 1357 1868 concessum
1387 1843 1487 1869 mox
1516 1829 1600 1870 fuit

249 1903 299 1944 ab
324 1903 463 1942 Aenea
483 1909 704 1949 tentatum,
729 1899 792 1940 sed
811 1899 968 1940 frustra.
1033 1899 1272 1941 Demetrius
1304 1909 1441 1940 autem
1464 1897 1595 1954 Scep-

248 1972 356 2024 sius,-
393 1971 464 2013 etsi
495 1987 588 2012 eum
622 1971 786 2012 ciuibus
823 1971 902 2011 suis
945 1971 1166 2026 gratificari
1197 1971 1367 2012 voluisse
1402 1973 1595 2031 suspicari

248 2048 362 2096 lieet,
397 2044 576 2099 Scepsios
600 2045 689 2085 suos
719 2042 806 2098 post
834 2043 992 2084 Troiae
1021 2045 1228 2085 excidium
1259 2059 1281 2084 a
1303 2043 1592 2096 Scamndrio,

249 2119 439 2161 Hectoris
462 2119 491 2158 f.
510 2127 550 2157 et
571 2116 619 2156 ab
641 2115 820 2156 Ascanio
842 2115 1022 2166 Aeneae,
1045 2126 1234 2171 regnatos
1255 2116 1330 2158 esse
1351 2118 1592 2168 tradiderat,

248 2207 288 2233 v.
314 2191 476 2241 Strabo,
499 2190 528 2230 l.
552 2204 589 2230 c,
610 2204 650 2243 p.
670 2188 767 2243 607.
793 2186 855 2227 sed
877 2196 1066 2227 accurate
1088 2202 1175 2228 eam
1199 2204 1281 2230 rem
1303 2199 1348 2231 vt
1368 2191 1589 2245 persequa-

247 2279 341 2306 mur
372 2280 394 2305 a
414 2263 583 2305 consilio
603 2262 783 2302 alienum
805 2259 875 2300 cst.
939 2259 1120 2313 (Confer
1154 2271 1289 2303 tamen
1328 2264 1377 2303 ad
1407 2264 1481 2304 lib.
1521 2262 1584 2304 II.

251 2338 357 2380 Exc.
383 2335 534 2380 XVII.
570 2349 608 2389 p.
629 2333 751 2389 256.)
785 2330 994 2371 Videntur
1017 2342 1152 2374 autem
1174 2335 1314 2388 paullo
1338 2335 1423 2390 post
1444 2336 1487 2376 in
1509 2350 1588 2376 no-

247 2425 300 2452 vo
320 2411 397 2450 hoc
419 2423 546 2464 regno
579 2406 720 2447 turbae
752 2403 881 2445 faiiae
911 2405 1017 2445 inter
1045 2406 1151 2447 viros
1173 2408 1378 2461 principes
1399 2422 1449 2448 ex
1478 2409 1590 2463 regia

244 2483 363 2537 stirpe
398 2480 612 2532 oriundos,
642 2488 683 2520 et
713 2478 812 2519 hinc
844 2492 954 2518 noua
983 2478 1166 2529 discidia,
1198 2480 1295 2520 noui
1325 2478 1513 2519 disceffus
1547 2489 1590 2519 et

244 2554 289 2594 in
322 2553 401 2593 alia
435 2552 525 2593 loca
565 2550 834 2606 profectiones
865 2550 1071 2605 sequutae.
1135 2551 1229 2592 Hoc
1261 2551 1428 2606 quidem
1460 2551 1586 2592 modo

244 2624 520 2666 diuerfislimae
537 2624 630 2665 istae
653 2624 894 2677 scriptorum
913 2624 1092 2665 rationes
1109 2624 1301 2678 componi
1322 2632 1362 2665 et
1382 2623 1585 2665 concilia-

244 2697 277 2738 ri
301 2698 405 2738 inter
425 2697 459 2736 se
482 2695 642 2749 poss‘unt
663 2710 820 2736 omnes.
1348 2703 1352 2705 '

306 2767 401 2818 Sed,
433 2776 476 2807 vt
510 2766 709 2818 diximus,
740 2768 858 2810 nobis
895 2783 980 2810 non
1014 2777 1100 2810 tam
1135 2768 1175 2810 id
1201 2768 1404 2825 agendum
1435 2767 1509 2820 est,
1541 2777 1588 2811 vt

1305 2839 1586 2883 diuerfitatem
