1685 3093
235 125 290 170 42
552 101 1136 161 DISQVISITIO
1212 103 1250 144 1.

233 219 364 273 sequi,
397 229 503 270 quae
528 215 577 254 ab
616 214 682 261 iis,
714 210 786 264 qui
810 209 978 250 subtiles
1015 217 1232 263 poetarum
1261 205 1419 248 iudices
1448 205 1580 248 videri

238 291 402 338 volunt,
437 289 536 328 dum
570 298 704 325 rerum
744 291 1001 339 argumenta,
1031 280 1236 335 exempla3
1268 278 1425 321 caussas
1441 289 1483 320 et
1513 293 1579 319 ra-

238 362 373 402 tiones
396 360 584 405 rniscent,
618 367 766 394 temere
788 354 1010 395 laudantur
1036 367 1083 393 ac
1104 352 1479 407 reprehenduntur,
1512 353 1580 392 in-

240 433 386 488 primis
418 432 579 486 quoties
613 426 844 482 Virgilium
879 435 920 466 et
953 423 1184 466 Homerum
1206 424 1324 465 inter
1354 426 1390 466 se
1411 439 1582 479 compa-

238 517 347 548 rant.
429 504 506 545 Sed
547 502 667 543 nobis
711 499 990 540 retundendus
1034 497 1089 538 est
1127 497 1281 547 omnis,
1331 512 1416 552 quo
1453 497 1585 550 abripi

240 577 459 634 possemus,
494 577 688 628 impetus.
750 571 897 625 Itaque
919 584 993 610 nec
1010 568 1311 618 Warburtoni‚
1346 569 1441 610 Viri
1466 569 1508 610 S.
1525 569 1581 610 R.

242 651 480 691 sententiam
503 648 772 702 attingemus,
807 643 986 698 (Divine
1021 641 1209 696 Legation
1240 643 1290 695 of
1310 640 1440 698 Mofi’s
1460 641 1523 682 T.
1547 640 1584 682 I.

241 721 294 764 B.
320 720 378 762 II.
405 721 513 762 See‘t.
537 719 644 771 IV.)
679 719 750 772 qui
773 716 998 771 perfeetum
1021 714 1161 769 legum
1191 712 1450 753 ferendarum
1485 728 1586 754 auc-

240 796 344 836 toris
371 793 580 846 exemplar
612 793 653 832 in
677 792 818 831 Aenea
845 788 1080 828 exhibitum
1114 784 1191 825 effe
1223 798 1246 824 a
1273 794 1392 839 poeta
1422 785 1586 836 voluit3

244 867 433 920 inprimis
454 880 550 906 curn
572 864 652 904 alio
674 863 769 902 loco
793 860 863 914 (ad
894 859 993 901 Lib.
1018 857 1104 910 VI,
1137 857 1245 900 Exc.
1270 856 1354 911 X.)
1379 859 1521 912 paucis
1542 872 1588 899 ea

242 941 292 981 de
315 955 353 980 re
375 940 578 979 monitum
602 935 665 977 sit.

298 1011 494 1054 Aeneidis
533 1016 822 1064 argumentum
863 1006 1012 1059 septem
1053 1004 1172 1044 annis
1219 1004 1396 1054 absolui,
1445 1017 1589 1057 parum

243 1095 435 1127 accurate
456 1083 652 1124 traditum
674 1080 849 1122 videtur.
914 1079 1077 1119 Aeneae
1097 1090 1250 1117 errores
1285 1077 1436 1131 septem
1460 1088 1590 1116 annos

242 1159 404 1212 explere
425 1158 670 1198 verissimum
691 1152 760 1193 est.
792 1168 832 1192 v.
857 1150 964 1192 Exc.
989 1148 1049 1190 II.
1080 1149 1129 1189 ad
1151 1149 1226 1190 lib.
1251 1147 1336 1189 III.
1401 1147 1478 1189 Sed
1508 1148 1592 1201 ipsa

244 1231 439 1272 carminis
461 1228 639 1269 narratio
662 1241 746 1267 non
778 1223 851 1265 nisi
873 1238 968 1264 curn
990 1222 1149 1276 septimi
1182 1221 1278 1262 anni
1301 1219 1447 1261 aestate
1467 1234 1590 1261 exor-

242 1302 360 1342 dium
383 1301 504 1341 habet
543 1300 604 1350 (v.
631 1297 730 1338 ibid.
762 1312 803 1351 p.
830 1295 931 1352 353)
966 1294 1193 1348 eodemque
1214 1308 1324 1334 anno
1345 1292 1587 1334 absoluitur.

247 1373 340 1416 Pari
371 1387 505 1414 errore
537 1368 739 1426 Odysseae
761 1377 1045 1423 argumentum
1063 1367 1176 1417 oeco,
1200 1381 1349 1407 nouem
1365 1366 1428 1407 vel
1452 1366 1592 1407 decem

247 1447 366 1488 annis
401 1443 689 1499 comprehendi
719 1442 920 1482 creditum
951 1439 1023 1489 est,
1057 1455 1153 1480 curn
1175 1450 1312 1480 tamen
1346 1439 1449 1480 illud
1484 1440 1592 1480 intra

245 1521 419 1575 triginta
441 1519 505 1558 sex
525 1516 588 1557 vel
612 1516 762 1568 septem
783 1514 868 1553 dies
889 1513 938 1552 ad
958 1513 1118 1552 exitum
1139 1512 1307 1566 perduci
1331 1512 1591 1554 manifestum

249 1592 295 1633 sit
311 1593 365 1641 ei,
398 1591 470 1645 qui
493 1590 676 1630 animum
700 1585 934 1625 aduerterit.

305 1664 453 1705 Multo
488 1663 688 1702 minorem
723 1657 797 1698 effe
838 1656 1135 1707 charae’oerum,
1178 1658 1258 1696 hoc
1291 1657 1363 1707 est,
1409 1659 1592 1699 virorum

249 1738 368 1780 fae'tis
390 1751 436 1777 ac
452 1735 680 1777 virtutibus
699 1729 938 1785 insignium,
971 1744 1190 1770 numerum
1219 1745 1266 1770 ac
1288 1731 1526 1771 varietatem
1550 1731 1594 1772 in

250 1810 433 1850 Aeneide
449 1808 623 1862 quamin
642 1804 770 1845 Iliade
787 1811 1099 1856 conqueruntur
1113 1803 1251 1856 paffim
1265 1802 1405 1850 multi3
1423 1817 1500 1843 nec
1514 1801 1596 1843 fine

254 1890 394 1936 poetae
416 1876 722 1932 reprehensione
737 1877 872 1916 versus
893 1882 1121 1916 memorant
1134 1891 1184 1916 ex
1205 1875 1311 1916 Aen.
1332 1874 1366 1916 I.
1388 1888 1484 1918 220.
1503 1875 1593 1930 sqq.

243 1955 460 2010 sortemque
496 1951 616 2004 Gyan:
643 1951 861 2005 sortemque
894 1948 1150 1997 Cloanthum,
1195 1948 1338 2002 inique
1375 1947 1596 1990 admodum

253 2033 297 2062 et
331 2031 377 2062 vt
413 2020 483 2061 sibi
521 2019 609 2075 ipfi,
643 2020 742 2075 quid
776 2022 922 2071 velint,
966 2035 1109 2074 parurn
1146 2020 1327 2061 constare
1363 2022 1595 2061 videantur.

252 2094 366 2135 Nam
401 2094 517 2134 loeus
540 2093 706 2148 quidem
731 2092 919 2133 laudatus
956 2093 1095 2134 nullos
1131 2095 1272 2133 heroes
1293 2094 1455 2144 recitat,
1488 2108 1597 2148 quo·

253 2182 345 2209 rum
378 2167 564 2220 personae
600 2167 684 2206 vim
716 2166 897 2219 aliquam
930 2165 1076 2206 habere
1108 2166 1280 2206 debeant
1311 2166 1469 2221 epicam
1487 2166 1508 2216 ς’
1533 2165 1597 2206 sed

254 2241 428 2279 veniunt
452 2239 511 2280 illi
535 2239 608 2279 viri
642 2240 685 2279 in
708 2239 875 2279 censum
897 2248 937 2278 et
959 2239 1120 2278 turbam
1141 2252 1300 2289 eorum,
1334 2240 1406 2293 qui
1433 2247 1596 2279 tantum

253 2312 420 2352 nomine
441 2310 634 2350 laudandi
652 2320 691 2350 et
706 2311 888 2363 epitheto
906 2311 1118 2351 suauitatis
1136 2310 1268 2352 caussa
1287 2310 1459 2352 ornandi
1477 2309 1593 2350 sunt:

257 2384 398 2438 quales
421 2383 526 2436 apud
561 2382 787 2423 Homerum
820 2384 1024 2423 innumeri
1061 2383 1122 2424 illi
1161 2392 1389 2438 pugnantes
1410 2382 1473 2422 vel
1497 2380 1598 2422 caefi

257 2456 380 2499 insono),
411 2456 585 2503 ἁμῦμονες,
618 2456 780 2506 ›egam-ego),
810 2456 1003 2504 αἷχμηταῖ,
1033 2466 1074 2496 et
1104 2455 1155 2496 s1C
1188 2470 1322 2509 POrl‘O.
1385 2453 1600 2495 EXCsssant

259 2526 474 2568 Voltarius
501 2538 541 2568 et
564 2528 799 2568 Addisonus
823 2538 998 2582 poetam,
1033 2528 1097 2568 sed
1119 2538 1202 2568 tam
1229 2536 1388 2583 argute,
1420 2535 1464 2566 vt
1489 2526 1600 2566 surn-

258 2614 418 2639 rnorum
439 2601 619 2640 virorum
641 2602 907 2641 subtilitatem
930 2602 1104 2641 mireris.
1158 2600 1294 2649 Alter,
1327 2613 1422 2639 cum
1441 2598 1598 2638 Home-

259 2683 346 2717 ηις,
379 2671 534 2723 inquit,
567 2671 779 2711 cessantem
802 2686 824 2711 a
845 2686 982 2726 pugna
1003 2672 1215 2713 Achillem
1236 2671 1463 2722 exhiberet,
1496 2671 1599 2713 alios

261 2741 411 2781 interea
446 2742 569 2782 foma
615 2743 720 2784 saeta
762 2742 924 2784 edentes
964 2745 1156 2788 exhibere
1191 2743 1350 2795 debuit,
1402 2742 1514 2797 quod
1555 2743 1599 2784 in

1417 2813 1600 2857 Aeneide
