1685 3093
211 112 293 172 382·
523 104 1248 153 Excvsssvs

208 213 392 258 Didonis
420 227 542 266 opera
576 212 822 264 celebratur,
856 226 961 268 quae
982 212 1272 266 amplificanda
1291 216 1343 257 ae'
1361 216 1557 258 munien-

208 289 261 330 da
279 287 376 328 vrbe
400 284 575 337 Cartha,
607 295 647 326 et
665 284 792 342 Byrsa
812 300 904 327 arce
920 285 1135 327 condenda
1155 287 1333 328 maxime
1350 289 1432 330 fuit
1452 304 1557 330 con-

209 360 359 416 speeta.
422 358 628 399 Ἐστι-κτίσθη
646 357 830 410 Καξχηδὼν
859 357 917 398 ait
949 355 1194 413 Syncellus:
1241 362 1401 413 accepit
1433 363 1558 402 etiam

209 433 286 475 illo
306 442 488 486 tempore
518 432 636 472 suum
667 432 835 481 nomen,
870 443 966 470 curn
993 440 1112 470 antea
1135 428 1273 485 Origo
1293 430 1388 472 esset
1417 433 1526 472 dinita
1543 451 1559 482 ς

209 504 239 547 fi
268 504 390 546 modo
417 519 511 545 vera
541 503 664 543 tradit
690 503 925 559 Syncellus.
977 501 1161 558 (XXXI
1200 503 1320 542 annis
1355 503 1476 544 serius
1508 505 1558 544 ab

210 577 305 628 aliie,
324 578 430 617 hanc
452 577 651 630 epocham
673 574 885 616 definitam
909 575 1041 626 fuiffe,
1073 590 1123 616 ex
1146 573 1326 615 Eusebio
1350 576 1559 632 Hierony-

212 652 269 692 mi
297 650 426 691 discas
455 648 502 689 ad
539 648 672 690 Num.
713 662 835 692 1002.
883 649 983 703 (sec.
1011 647 1165 703 Scalig.
1197 647 1346 700 1000.)
1378 648 1486 702 quod
1516 649 1560 688 in

211 723 295 776 ipsa
318 720 552 762 Salomonis
581 729 763 774 tempora
787 721 974 774 incidit.)
1041 721 1234 760 Tandem
1270 720 1397 761 CXC
1431 736 1560 763 annos

215 797 284 837 vbi
310 795 578 844 descenderis,
612 796 732 835 tertio
761 794 855 834 loco
886 791 1156 848 Carthaginis
1184 793 1374 834 conditae
1403 808 1561 835 memo-

215 870 317 910 riam
340 867 424 908 fieri
448 867 584 908 videas
607 882 629 907 a
650 866 824 920 Iosepho
847 867 888 906 in
911 866 1069 919 Apion.
1106 866 1177 905 lib.
1205 863 1243 915 I,
1271 867 1335 907 18.
1370 881 1408 919 p.
1437 878 1560 919 1042.

155 960 158 961 ⁷
213 952 256 982 et
283 956 334 982 ex
365 956 414 981 eo
442 955 505 993 ap.
543 939 727 994 Syncell.
764 954 804 992 p.
841 940 934 981 182.
979 938 1064 992 post
1097 936 1327 978 Salomonis
1358 938 1562 991 templum

214 1014 430 1056 conditum
462 1026 572 1052 anno
594 1009 894 1052 CXXXXHI
932 1011 1065 1050 mense
1098 1011 1277 1060 oelau03
1330 1011 1401 1065 qui
1436 1010 1491 1051 est
1521 1025 1559 1051 a.

214 1088 270 1130 C.
295 1086 355 1128 N.
381 1087 477 1129 861.
513 1100 535 1124 a
558 1084 692 1124 Troia
713 1094 832 1136 capta
860 1082 1168 1124 CCCXXIH.
1232 1082 1288 1123 Et
1315 1083 1364 1123 ad
1387 1084 1458 1123 has
1480 1083 1564 1123 fere

215 1160 390 1215 epochas
423 1157 617 1198 alludunt
647 1157 770 1197 ceteri
808 1157 989 1206 numeri,
1036 1157 1107 1210 qui
1151 1157 1285 1211 paffim
1323 1156 1427 1209 apud
1461 1156 1563 1197 alios

215 1235 431 1289 leguntur,
463 1231 526 1270 vel
549 1244 598 1270 ex
621 1230 759 1278 annis,
793 1229 946 1284 quibus
980 1228 1194 1284 Carthago
1226 1227 1366 1269 stetifle
1388 1229 1561 1279 dicitur,-

214 1307 462 1354 eliciuntur,
495 1318 600 1357 quos
630 1302 838 1358 sigillatim
871 1303 913 1342 h.
945 1301 974 1341 l.
1009 1312 1186 1355 repetere
1214 1301 1277 1341 vel
1299 1311 1507 1351 excutere,
1541 1315 1564 1341 a

216 1378 387 1421 consilio
407 1377 590 1418 alienum
613 1374 684 1414 est.
746 1372 847 1413 Vid.
864 1371 968 1413 VV.
993 1372 1101 1414 DD.
1128 1374 1316 1427 inprimis
1339 1372 1491 1429 Scalig.
1515 1373 1564 1413 ad

219 1448 370 1492 Euseb.
403 1458 443 1488 et
475 1449 517 1488 in
550 1449 662 1500 App.
692 1446 740 1486 de
770 1445 945 1486 Emend.
980 1445 1164 1499 Tempp.
1199 1462 1239 1499 p.
1272 1460 1339 1502 31.
1401 1444 1563 1499 Ioseph.

219 1522 250 1563 l.
290 1536 328 1562 c.
366 1520 521 1561 Vellei.
555 1517 594 1569 Ι,
637 1519 679 1568 6,
712 1533 755 1572 4.
817 1516 964 1558 lustin.
999 1517 1179 1569 XVIII,
1212 1533 1254 1573 4.
1317 1517 1487 1558 Salmas.
1515 1517 1565 1558 ad

221 1594 356 1636 Solin.
388 1608 426 1634 c.
451 1605 520 1649 27.
553 1607 593 1646 p.
618 1593 713 1635 228.
745 1600 786 1631 et
806 1590 833 1632 fi
854 1592 903 1632 ad
935 1606 1103 1632 manum
1125 1591 1197 1642 est,
1230 1591 1293 1632 vel
1327 1590 1566 1633 Guthrium

221 1668 412 1711 consulas
445 1666 533 1706 To.
568 1664 652 1705 III.
700 1680 739 1719 p.
779 1677 875 1721 253.
923 1664 986 1705 vel
1017 1664 1194 1705 Simson.
1242 1665 1298 1705 A.
1332 1662 1402 1705 M.
1438 1677 1564 1721 3132.

221 1756 319 1783 cum
358 1737 593 1792 WVeffeling
630 1735 759 1777 Nott.
841 1737 913 1778 Est
953 1738 1044 1778 sane
1086 1740 1208 1778 tertia
1250 1738 1350 1778 haec
1389 1738 1564 1792 epocha,

223 1813 366 1869 paullo
396 1811 598 1852 maturIus
635 1811 740 1849 forte
767 1819 807 1850 et
841 1810 914 1851 illa
935 1810 1236 1860 constituenda,
1268 1824 1362 1851 vera
1385 1807 1567 1850 Didonis

223 1896 350 1936 aetas,
382 1883 580 1939 siquidem
606 1882 679 1940 illa
710 1881 994 1938 Pygmalionis
1031 1882 1112 1922 fuit
1148 1882 1273 1922 soror.
1335 1881 1470 1923 Fuisse
1502 1891 1566 1922 ta-

225 1973 319 1999 men
341 1961 604 1998 communem
625 1964 809 1995 veterum
835 1969 1029 2005 errorem,
1059 1964 1105 1995 vt
1125 1955 1181 1995 ad'
1196 1953 1410 2007 Didonem
1438 1955 1572 2009 prima

226 2030 496 2085 Carthaginis
526 2027 693 2069 exordia
716 2029 932 2078 referrent,
964 2042 1048 2069 non
1081 2027 1205 2069 modo
1226 2043 1276 2069 ex
1298 2028 1366 2079 iis,
1401 2028 1472 2083 qui
1496 2039 1568 2069 ve-

224 2103 413 2147 tustiores
452 2101 710 2154 exscripsere,
761 2099 954 2142 Cedreno
994 2116 1034 2154 p.
1078 2113 1172 2153 140.
1221 2110 1263 2141 et
1302 2100 1365 2142 10.
1407 2100 1570 2142 Malala

229 2193 269 2232 p.
300 2178 372 2228 68,
403 2189 544 2216 verum
564 2174 688 2216 etiam
714 2189 765 2215 ex
793 2173 988 2227 Appiano
1009 2171 1158 2213 Punic.
1193 2187 1254 2227 pr.
1284 2173 1456 2214 constat.
1518 2172 1570 2214 In

227 2260 346 2292 tanto
377 2249 517 2304 itaque
549 2247 791 2302 scriptorum
813 2248 1064 2301 optimorum
1095 2245 1269 2286 diss'ensu
1294 2256 1490 2301 tantaque
1511 2247 1569 2288 rei
1632 2296 1635 2301 Ι

226 2324 497 2373 obscuritate,
529 2323 622 2377 quis
653 2321 730 2362 hoc
767 2335 789 2360 a
825 2329 943 2373 poeta
977 2318 1149 2372 postulet
1178 2320 1243 2360 vel
1270 2319 1494 2374 exsped'cet,
1525 2329 1572 2361 vt

230 2408 464 2451 temporum
497 2395 676 2436 rationes
713 2391 922 2442 subtilius,
975 2406 1100 2446 quam
1133 2389 1205 2446 ipfi
1238 2390 1420 2432 historici
1461 2405 1571 2432 non-

230 2470 339 2511 nulli
378 2470 583 2518 fecerunt,
635 2466 856 2508 subducere
900 2462 1126 2505 sustineat?
1189 2461 1356 2504 Vltimo
1399 2463 1492 2503 loco
1530 2472 1573 2503 et

231 2541 337 2584 illud
377 2540 646 2592 monendum,
688 2541 768 2582 iarn
802 2548 897 2580 ante
918 2536 1151 2592 Virgilium
1191 2550 1347 2577 amores
1388 2534 1572 2576 Didonis

231 2624 273 2659 et
307 2614 470 2655 Aeneae
505 2612 633 2658 videri
672 2613 899 2654 celebratos
944 2609 1061 2652 fuisse
1099 2610 1150 2651 ab
1198 2607 1401 2655 historicis
1442 2606 1570 2648 Rom.

1457 2678 1573 2726 Nam
