<?xml version="1.0" encoding="UTF-8"?>
<!DOCTYPE html PUBLIC "-//W3C//DTD XHTML 1.0 Transitional//EN"
    "http://www.w3.org/TR/xhtml1/DTD/xhtml1-transitional.dtd">
<html xmlns="http://www.w3.org/1999/xhtml" xml:lang="en" lang="en">
 <head>
  <title>
</title>
<meta http-equiv="Content-Type" content="text/html;charset=utf-8" />
  <meta name='ocr-system' content='tesseract 3.04.00' />
  <meta name='ocr-capabilities' content='ocr_page ocr_carea ocr_par ocr_line ocrx_word'/>
</head>
<body>
  <div class='ocr_page' id='page_1' title='image "./worksofvirgilinl02virg_0042.png"; bbox 0 0 1685 3093; ppageno 0'>
   <div class='ocr_carea' id='block_1_1' title="bbox 254 119 1264 185">
    <p class='ocr_par' dir='ltr' id='par_1_1' title="bbox 254 119 1264 185">
     <span class='ocr_line' id='line_1_1' title="bbox 254 119 1264 185; baseline -0.003 -15"><span class='ocrx_word' id='word_1_1' title='bbox 254 138 313 185; x_wconf 79' lang='lat'>30</span> <span class='ocrx_word' id='word_1_2' title='bbox 580 119 1167 179; x_wconf 77' lang='lat' dir='ltr'>DISQVISITIO</span> <span class='ocrx_word' id='word_1_3' title='bbox 1227 121 1264 167; x_wconf 84' lang='lat'>1.</span> 
     </span>
    </p>
   </div>
   <div class='ocr_carea' id='block_1_2' title="bbox 251 226 1621 2325">
    <p class='ocr_par' dir='ltr' id='par_1_2' title="bbox 251 226 1621 2325">
     <span class='ocr_line' id='line_1_2' title="bbox 253 226 1607 279; baseline -0.002 -4"><span class='ocrx_word' id='word_1_4' title='bbox 253 233 442 275; x_wconf 79' lang='lat' dir='ltr'>animum</span> <span class='ocrx_word' id='word_1_5' title='bbox 482 229 755 271; x_wconf 81' lang='lat' dir='ltr'>admiratione</span> <span class='ocrx_word' id='word_1_6' title='bbox 795 229 992 279; x_wconf 88' lang='lat' dir='ltr'>detineat,</span> <span class='ocrx_word' id='word_1_7' title='bbox 1041 228 1222 279; x_wconf 82' lang='lat' dir='ltr'>valeant,</span> <span class='ocrx_word' id='word_1_8' title='bbox 1267 226 1316 269; x_wconf 89' lang='lat' dir='ltr'>ad</span> <span class='ocrx_word' id='word_1_9' title='bbox 1356 229 1607 272; x_wconf 80' lang='lat' dir='ltr'>narrationis</span> 
     </span>
     <span class='ocr_line' id='line_1_3' title="bbox 251 298 1610 362; baseline -0.002 -15"><span class='ocrx_word' id='word_1_10' title='bbox 251 305 587 362; x_wconf 75' lang='lat' dir='ltr'>probabilitatem</span> <span class='ocrx_word' id='word_1_11' title='bbox 634 301 794 356; x_wconf 83' lang='lat' dir='ltr'>egregie</span> <span class='ocrx_word' id='word_1_12' title='bbox 835 315 1003 355; x_wconf 87' lang='lat' dir='ltr'>quoque</span> <span class='ocrx_word' id='word_1_13' title='bbox 1058 301 1150 342; x_wconf 90' lang='lat' dir='ltr'>sunt</span> <span class='ocrx_word' id='word_1_14' title='bbox 1199 312 1449 355; x_wconf 87' lang='lat' dir='ltr'>comparata.</span> <span class='ocrx_word' id='word_1_15' title='bbox 1531 298 1610 344; x_wconf 88' lang='lat' dir='ltr'>Sed</span> 
     </span>
     <span class='ocr_line' id='line_1_4' title="bbox 252 374 1611 433; baseline -0.002 -13"><span class='ocrx_word' id='word_1_16' title='bbox 252 394 352 420; x_wconf 88' lang='lat' dir='ltr'>curn</span> <span class='ocrx_word' id='word_1_17' title='bbox 375 379 496 433; x_wconf 90' lang='lat' dir='ltr'>plura</span> <span class='ocrx_word' id='word_1_18' title='bbox 519 377 644 416; x_wconf 82' lang='lat' dir='ltr'>huius</span> <span class='ocrx_word' id='word_1_19' title='bbox 669 374 830 430; x_wconf 85' lang='lat' dir='ltr'>generis</span> <span class='ocrx_word' id='word_1_20' title='bbox 868 374 1020 414; x_wconf 87' lang='lat' dir='ltr'>narrari</span> <span class='ocrx_word' id='word_1_21' title='bbox 1057 375 1221 427; x_wconf 78' lang='lat' dir='ltr'>possint,</span> <span class='ocrx_word' id='word_1_22' title='bbox 1252 385 1292 415; x_wconf 91' lang='lat' dir='ltr'>et</span> <span class='ocrx_word' id='word_1_23' title='bbox 1326 376 1367 416; x_wconf 90' lang='lat' dir='ltr'>in</span> <span class='ocrx_word' id='word_1_24' title='bbox 1404 375 1535 417; x_wconf 88' lang='lat' dir='ltr'>Notis</span> <span class='ocrx_word' id='word_1_25' title='bbox 1568 384 1611 417; x_wconf 87' lang='lat' dir='ltr'>et</span> 
     </span>
     <span class='ocr_line' id='line_1_5' title="bbox 251 445 1612 504; baseline -0.003 -10"><span class='ocrx_word' id='word_1_26' title='bbox 251 450 510 494; x_wconf 78' lang='lat' dir='ltr'>Excursibus</span> <span class='ocrx_word' id='word_1_27' title='bbox 534 450 670 504; x_wconf 82' lang='lat' dir='ltr'>paffim</span> <span class='ocrx_word' id='word_1_28' title='bbox 704 456 846 489; x_wconf 90' lang='lat' dir='ltr'>notata</span> <span class='ocrx_word' id='word_1_29' title='bbox 880 445 976 497; x_wconf 81' lang='lat' dir='ltr'>sint,</span> <span class='ocrx_word' id='word_1_30' title='bbox 1010 447 1051 486; x_wconf 90' lang='lat' dir='ltr'>in</span> <span class='ocrx_word' id='word_1_31' title='bbox 1085 446 1240 487; x_wconf 64' lang='lat' dir='ltr'>dilectu</span> <span class='ocrx_word' id='word_1_32' title='bbox 1273 457 1410 490; x_wconf 87' lang='lat' dir='ltr'>tamen</span> <span class='ocrx_word' id='word_1_33' title='bbox 1445 449 1612 490; x_wconf 83' lang='lat' dir='ltr'>Aeneae</span> 
     </span>
     <span class='ocr_line' id='line_1_6' title="bbox 252 519 1609 580; baseline -0.003 -14"><span class='ocrx_word' id='word_1_34' title='bbox 252 526 393 580; x_wconf 83' lang='lat' dir='ltr'>magni</span> <span class='ocrx_word' id='word_1_35' title='bbox 417 533 558 578; x_wconf 87' lang='lat' dir='ltr'>poetae</span> <span class='ocrx_word' id='word_1_36' title='bbox 590 521 808 577; x_wconf 83' lang='lat' dir='ltr'>ingenium</span> <span class='ocrx_word' id='word_1_37' title='bbox 838 535 884 560; x_wconf 89' lang='lat' dir='ltr'>ac</span> <span class='ocrx_word' id='word_1_38' title='bbox 914 520 1119 560; x_wconf 86' lang='lat' dir='ltr'>iudicium</span> <span class='ocrx_word' id='word_1_39' title='bbox 1151 519 1319 561; x_wconf 66' lang='lat' dir='ltr'>doetum</span> <span class='ocrx_word' id='word_1_40' title='bbox 1355 531 1395 562; x_wconf 88' lang='lat' dir='ltr'>et</span> <span class='ocrx_word' id='word_1_41' title='bbox 1426 520 1609 577; x_wconf 84' lang='lat' dir='ltr'>exquifi-</span> 
     </span>
     <span class='ocr_line' id='line_1_7' title="bbox 252 592 1610 652; baseline -0.003 -14"><span class='ocrx_word' id='word_1_42' title='bbox 252 606 347 638; x_wconf 83' lang='lat' dir='ltr'>turn</span> <span class='ocrx_word' id='word_1_43' title='bbox 391 596 496 637; x_wconf 88' lang='lat' dir='ltr'>nihil</span> <span class='ocrx_word' id='word_1_44' title='bbox 531 595 663 652; x_wconf 86' lang='lat' dir='ltr'>magis</span> <span class='ocrx_word' id='word_1_45' title='bbox 700 594 853 650; x_wconf 88' lang='lat' dir='ltr'>arguit,</span> <span class='ocrx_word' id='word_1_46' title='bbox 894 608 1019 647; x_wconf 83' lang='lat' dir='ltr'>quam</span> <span class='ocrx_word' id='word_1_47' title='bbox 1067 592 1180 647; x_wconf 88' lang='lat' dir='ltr'>quod</span> <span class='ocrx_word' id='word_1_48' title='bbox 1219 607 1314 632; x_wconf 89' lang='lat' dir='ltr'>eum</span> <span class='ocrx_word' id='word_1_49' title='bbox 1357 593 1610 647; x_wconf 86' lang='lat' dir='ltr'>potiffimum</span> 
     </span>
     <span class='ocr_line' id='line_1_8' title="bbox 253 663 1612 721; baseline -0.003 -11"><span class='ocrx_word' id='word_1_50' title='bbox 253 668 470 710; x_wconf 87' lang='lat' dir='ltr'>Carminis</span> <span class='ocrx_word' id='word_1_51' title='bbox 523 667 581 708; x_wconf 88' lang='lat' dir='ltr'>sui</span> <span class='ocrx_word' id='word_1_52' title='bbox 634 668 799 708; x_wconf 81' lang='lat' dir='ltr'>heroem</span> <span class='ocrx_word' id='word_1_53' title='bbox 848 667 1161 721; x_wconf 86' lang='lat' dir='ltr'>circumspexit,</span> <span class='ocrx_word' id='word_1_54' title='bbox 1220 665 1293 719; x_wconf 93' lang='lat' dir='ltr'>qui</span> <span class='ocrx_word' id='word_1_55' title='bbox 1348 665 1392 705; x_wconf 90' lang='lat' dir='ltr'>in</span> <span class='ocrx_word' id='word_1_56' title='bbox 1443 663 1612 706; x_wconf 87' lang='lat' dir='ltr'>Italiam</span> 
     </span>
     <span class='ocr_line' id='line_1_9' title="bbox 252 738 1613 792; baseline -0.004 -10"><span class='ocrx_word' id='word_1_57' title='bbox 252 741 548 783; x_wconf 87' lang='lat' dir='ltr'>Troianorum</span> <span class='ocrx_word' id='word_1_58' title='bbox 586 740 795 781; x_wconf 83' lang='lat' dir='ltr'>coloniam</span> <span class='ocrx_word' id='word_1_59' title='bbox 851 740 1092 790; x_wconf 83' lang='lat' dir='ltr'>deduxerat,</span> <span class='ocrx_word' id='word_1_60' title='bbox 1137 752 1295 780; x_wconf 88' lang='lat' dir='ltr'>nouum</span> <span class='ocrx_word' id='word_1_61' title='bbox 1337 751 1511 792; x_wconf 88' lang='lat' dir='ltr'>regnum</span> <span class='ocrx_word' id='word_1_62' title='bbox 1568 738 1613 778; x_wconf 90' lang='lat' dir='ltr'>in</span> 
     </span>
     <span class='ocr_line' id='line_1_10' title="bbox 256 810 1614 867; baseline -0.005 -11"><span class='ocrx_word' id='word_1_63' title='bbox 256 813 386 857; x_wconf 88' lang='lat' dir='ltr'>Latio</span> <span class='ocrx_word' id='word_1_64' title='bbox 426 812 713 863; x_wconf 86' lang='lat' dir='ltr'>constituerat,</span> <span class='ocrx_word' id='word_1_65' title='bbox 752 814 860 854; x_wconf 90' lang='lat' dir='ltr'>vnde</span> <span class='ocrx_word' id='word_1_66' title='bbox 891 813 1027 856; x_wconf 83' lang='lat' dir='ltr'>Albae</span> <span class='ocrx_word' id='word_1_67' title='bbox 1058 811 1231 867; x_wconf 77' lang='lat' dir='ltr'>Longae</span> <span class='ocrx_word' id='word_1_68' title='bbox 1271 810 1454 865; x_wconf 84' lang='lat' dir='ltr'>adeoque</span> <span class='ocrx_word' id='word_1_69' title='bbox 1488 810 1614 850; x_wconf 87' lang='lat' dir='ltr'>etiam</span> 
     </span>
     <span class='ocr_line' id='line_1_11' title="bbox 254 881 1612 942; baseline -0.005 -13"><span class='ocrx_word' id='word_1_70' title='bbox 254 887 419 929; x_wconf 86' lang='lat' dir='ltr'>Romae</span> <span class='ocrx_word' id='word_1_71' title='bbox 441 887 623 942; x_wconf 82' lang='lat' dir='ltr'>origines</span> <span class='ocrx_word' id='word_1_72' title='bbox 649 885 955 938; x_wconf 85' lang='lat' dir='ltr'>repetebantur,</span> <span class='ocrx_word' id='word_1_73' title='bbox 988 884 1146 939; x_wconf 90' lang='lat' dir='ltr'>quique</span> <span class='ocrx_word' id='word_1_74' title='bbox 1167 883 1283 933; x_wconf 89' lang='lat' dir='ltr'>adeo,</span> <span class='ocrx_word' id='word_1_75' title='bbox 1311 881 1382 923; x_wconf 77' lang='lat' dir='ltr'>etsi</span> <span class='ocrx_word' id='word_1_76' title='bbox 1418 897 1495 923; x_wconf 91' lang='lat' dir='ltr'>nec</span> <span class='ocrx_word' id='word_1_77' title='bbox 1532 897 1612 923; x_wconf 69' lang='grc' dir='ltr'>ιιοὀ</span> 
     </span>
     <span class='ocr_line' id='line_1_12' title="bbox 258 955 1615 1012; baseline -0.004 -11"><span class='ocrx_word' id='word_1_78' title='bbox 258 961 324 1002; x_wconf 90' lang='lat' dir='ltr'>bis</span> <span class='ocrx_word' id='word_1_79' title='bbox 361 960 573 1012; x_wconf 84' lang='lat' dir='ltr'>ingratum</span> <span class='ocrx_word' id='word_1_80' title='bbox 609 956 685 997; x_wconf 83' lang='lat' dir='ltr'>esse</span> <span class='ocrx_word' id='word_1_81' title='bbox 729 956 877 1011; x_wconf 84' lang='lat' dir='ltr'>potest,</span> <span class='ocrx_word' id='word_1_82' title='bbox 910 957 1017 997; x_wconf 88' lang='lat' dir='ltr'>tanti</span> <span class='ocrx_word' id='word_1_83' title='bbox 1054 957 1213 1010; x_wconf 88' lang='lat' dir='ltr'>imperii</span> <span class='ocrx_word' id='word_1_84' title='bbox 1248 956 1399 1011; x_wconf 89' lang='lat' dir='ltr'>primas</span> <span class='ocrx_word' id='word_1_85' title='bbox 1434 955 1615 1011; x_wconf 86' lang='lat' dir='ltr'>origines</span> 
     </span>
     <span class='ocr_line' id='line_1_13' title="bbox 255 1028 1614 1088; baseline -0.004 -13"><span class='ocrx_word' id='word_1_86' title='bbox 255 1032 525 1088; x_wconf 84' lang='lat' dir='ltr'>cognoscere,</span> <span class='ocrx_word' id='word_1_87' title='bbox 560 1040 700 1071; x_wconf 89' lang='lat' dir='ltr'>tamen</span> <span class='ocrx_word' id='word_1_88' title='bbox 743 1028 949 1070; x_wconf 83' lang='lat' dir='ltr'>Romanis</span> <span class='ocrx_word' id='word_1_89' title='bbox 988 1042 1040 1069; x_wconf 87' lang='lat' dir='ltr'>ex</span> <span class='ocrx_word' id='word_1_90' title='bbox 1089 1028 1204 1068; x_wconf 87' lang='lat' dir='ltr'>omni</span> <span class='ocrx_word' id='word_1_91' title='bbox 1245 1029 1497 1082; x_wconf 83' lang='lat' dir='ltr'>antiquitate</span> <span class='ocrx_word' id='word_1_92' title='bbox 1542 1043 1614 1070; x_wconf 89' lang='lat' dir='ltr'>ac-</span> 
     </span>
     <span class='ocr_line' id='line_1_14' title="bbox 254 1100 1616 1160; baseline -0.003 -14"><span class='ocrx_word' id='word_1_93' title='bbox 254 1105 507 1160; x_wconf 82' lang='lat' dir='ltr'>ceptiffimus</span> <span class='ocrx_word' id='word_1_94' title='bbox 530 1111 570 1144; x_wconf 92' lang='lat' dir='ltr'>et</span> <span class='ocrx_word' id='word_1_95' title='bbox 591 1102 1012 1144; x_wconf 85' lang='lat' dir='ltr'>commendatiffimus</span> <span class='ocrx_word' id='word_1_96' title='bbox 1033 1100 1109 1142; x_wconf 81' lang='lat' dir='ltr'>effe</span> <span class='ocrx_word' id='word_1_97' title='bbox 1129 1101 1318 1143; x_wconf 86' lang='lat' dir='ltr'>debebat.</span> <span class='ocrx_word' id='word_1_98' title='bbox 1383 1101 1451 1143; x_wconf 90' lang='lat' dir='ltr'>De</span> <span class='ocrx_word' id='word_1_99' title='bbox 1476 1102 1616 1142; x_wconf 86' lang='lat' dir='ltr'>Aenea</span> 
     </span>
     <span class='ocr_line' id='line_1_15' title="bbox 254 1174 1615 1233; baseline -0.003 -13"><span class='ocrx_word' id='word_1_100' title='bbox 254 1179 433 1233; x_wconf 85' lang='lat' dir='ltr'>eiusque</span> <span class='ocrx_word' id='word_1_101' title='bbox 476 1174 686 1217; x_wconf 88' lang='lat' dir='ltr'>erroribus</span> <span class='ocrx_word' id='word_1_102' title='bbox 732 1189 779 1215; x_wconf 87' lang='lat' dir='ltr'>ac</span> <span class='ocrx_word' id='word_1_103' title='bbox 816 1174 910 1214; x_wconf 82' lang='lat' dir='ltr'>fatis</span> <span class='ocrx_word' id='word_1_104' title='bbox 942 1188 1088 1215; x_wconf 88' lang='lat' dir='ltr'>omnes</span> <span class='ocrx_word' id='word_1_105' title='bbox 1127 1184 1281 1218; x_wconf 87' lang='lat' dir='ltr'>veteres</span> <span class='ocrx_word' id='word_1_106' title='bbox 1319 1175 1487 1216; x_wconf 89' lang='lat' dir='ltr'>annales</span> <span class='ocrx_word' id='word_1_107' title='bbox 1523 1175 1615 1216; x_wconf 86' lang='lat' dir='ltr'>R0-·</span> 
     </span>
     <span class='ocr_line' id='line_1_16' title="bbox 256 1246 1614 1304; baseline -0.003 -12"><span class='ocrx_word' id='word_1_108' title='bbox 256 1264 478 1292; x_wconf 89' lang='lat' dir='ltr'>manorum</span> <span class='ocrx_word' id='word_1_109' title='bbox 499 1248 797 1304; x_wconf 86' lang='lat' dir='ltr'>loquebantur,</span> <span class='ocrx_word' id='word_1_110' title='bbox 821 1246 934 1301; x_wconf 88' lang='lat' dir='ltr'>quod</span> <span class='ocrx_word' id='word_1_111' title='bbox 955 1260 1004 1286; x_wconf 81' lang='lat' dir='ltr'>ex</span> <span class='ocrx_word' id='word_1_112' title='bbox 1028 1247 1270 1303; x_wconf 80' lang='lat' dir='ltr'>fragmentis</span> <span class='ocrx_word' id='word_1_113' title='bbox 1293 1250 1433 1304; x_wconf 81' lang='lat' dir='ltr'>paffim</span> <span class='ocrx_word' id='word_1_114' title='bbox 1455 1263 1477 1288; x_wconf 91' lang='lat' dir='ltr'>a</span> <span class='ocrx_word' id='word_1_115' title='bbox 1500 1247 1614 1289; x_wconf 75' lang='lat' dir='ltr'>Sext⁰</span> 
     </span>
     <span class='ocr_line' id='line_1_17' title="bbox 256 1319 1616 1376; baseline -0.003 -10"><span class='ocrx_word' id='word_1_116' title='bbox 256 1323 433 1366; x_wconf 89' lang='lat' dir='ltr'>Aurelio</span> <span class='ocrx_word' id='word_1_117' title='bbox 457 1322 633 1363; x_wconf 65' lang='lat' dir='ltr'>Victore</span> <span class='ocrx_word' id='word_1_118' title='bbox 667 1320 834 1362; x_wconf 80' lang='lat' dir='ltr'>seruatis</span> <span class='ocrx_word' id='word_1_119' title='bbox 876 1329 917 1360; x_wconf 85' lang='lat' dir='ltr'>et</span> <span class='ocrx_word' id='word_1_120' title='bbox 950 1327 1005 1360; x_wconf 80' lang='lat' dir='ltr'>&#39;ex</span> <span class='ocrx_word' id='word_1_121' title='bbox 1040 1319 1247 1376; x_wconf 79' lang='lat' dir='ltr'>Dionysio</span> <span class='ocrx_word' id='word_1_122' title='bbox 1281 1336 1328 1362; x_wconf 86' lang='lat' dir='ltr'>ac</span> <span class='ocrx_word' id='word_1_123' title='bbox 1363 1319 1486 1363; x_wconf 73' lang='lat' dir='ltr'>Festo</span> <span class='ocrx_word' id='word_1_124' title='bbox 1520 1321 1616 1362; x_wconf 85' lang='lat' dir='ltr'>satis</span> 
     </span>
     <span class='ocr_line' id='line_1_18' title="bbox 253 1393 1617 1453; baseline -0.004 -14"><span class='ocrx_word' id='word_1_125' title='bbox 253 1397 399 1453; x_wconf 85' lang='lat' dir='ltr'>colligi</span> <span class='ocrx_word' id='word_1_126' title='bbox 441 1395 601 1451; x_wconf 82' lang='lat' dir='ltr'>potest3</span> <span class='ocrx_word' id='word_1_127' title='bbox 634 1394 895 1448; x_wconf 87' lang='lat' dir='ltr'>eundemque</span> <span class='ocrx_word' id='word_1_128' title='bbox 931 1393 1115 1434; x_wconf 84' lang='lat' dir='ltr'>Aeneam</span> <span class='ocrx_word' id='word_1_129' title='bbox 1153 1395 1197 1434; x_wconf 88' lang='lat' dir='ltr'>in</span> <span class='ocrx_word' id='word_1_130' title='bbox 1238 1395 1478 1443; x_wconf 58' lang='lat' dir='ltr'>nonnullis,</span> <span class='ocrx_word' id='word_1_131' title='bbox 1512 1407 1617 1448; x_wconf 88' lang='lat' dir='ltr'>quae</span> 
     </span>
     <span class='ocr_line' id='line_1_19' title="bbox 256 1465 1619 1522; baseline -0.003 -11"><span class='ocrx_word' id='word_1_132' title='bbox 256 1469 575 1519; x_wconf 88' lang='lat' dir='ltr'>interciderunt,</span> <span class='ocrx_word' id='word_1_133' title='bbox 622 1466 883 1509; x_wconf 80' lang='lat' dir='ltr'>Graecorum</span> <span class='ocrx_word' id='word_1_134' title='bbox 925 1468 1178 1509; x_wconf 85' lang='lat' dir='ltr'>carminibus</span> <span class='ocrx_word' id='word_1_135' title='bbox 1219 1478 1350 1522; x_wconf 85' lang='lat' dir='ltr'>partes</span> <span class='ocrx_word' id='word_1_136' title='bbox 1388 1465 1619 1510; x_wconf 73' lang='lat' dir='ltr'>sustinuisse</span> 
     </span>
     <span class='ocr_line' id='line_1_20' title="bbox 256 1539 1613 1597; baseline -0.003 -13"><span class='ocrx_word' id='word_1_137' title='bbox 256 1558 344 1585; x_wconf 91' lang='lat' dir='ltr'>non</span> <span class='ocrx_word' id='word_1_138' title='bbox 379 1542 592 1592; x_wconf 89' lang='lat' dir='ltr'>obscuras,</span> <span class='ocrx_word' id='word_1_139' title='bbox 622 1556 674 1583; x_wconf 82' lang='lat' dir='ltr'>ex</span> <span class='ocrx_word' id='word_1_140' title='bbox 707 1539 1002 1595; x_wconf 83' lang='lat' dir='ltr'>Lycophrone,</span> <span class='ocrx_word' id='word_1_141' title='bbox 1045 1541 1118 1595; x_wconf 90' lang='lat' dir='ltr'>qui</span> <span class='ocrx_word' id='word_1_142' title='bbox 1151 1542 1388 1596; x_wconf 88' lang='lat' dir='ltr'>antiquiora</span> <span class='ocrx_word' id='word_1_143' title='bbox 1420 1540 1613 1597; x_wconf 80' lang='lat' dir='ltr'>collegit,</span> 
     </span>
     <span class='ocr_line' id='line_1_21' title="bbox 253 1611 1620 1670; baseline -0.001 -13"><span class='ocrx_word' id='word_1_144' title='bbox 253 1627 295 1658; x_wconf 90' lang='lat' dir='ltr'>et</span> <span class='ocrx_word' id='word_1_145' title='bbox 329 1630 382 1656; x_wconf 82' lang='lat' dir='ltr'>ex</span> <span class='ocrx_word' id='word_1_146' title='bbox 414 1614 694 1656; x_wconf 82' lang='lat' dir='ltr'>imitatoribus</span> <span class='ocrx_word' id='word_1_147' title='bbox 731 1614 796 1653; x_wconf 89' lang='lat' dir='ltr'>seu</span> <span class='ocrx_word' id='word_1_148' title='bbox 829 1611 1151 1665; x_wconf 80' lang='lat' dir='ltr'>exscriptoribus</span> <span class='ocrx_word' id='word_1_149' title='bbox 1175 1623 1360 1654; x_wconf 86' lang='lat' dir='ltr'>veterum</span> <span class='ocrx_word' id='word_1_150' title='bbox 1383 1614 1620 1670; x_wconf 68' lang='lat' dir='ltr'>intelligas,</span> 
     </span>
     <span class='ocr_line' id='line_1_22' title="bbox 254 1683 1620 1743; baseline 0.001 -15"><span class='ocrx_word' id='word_1_151' title='bbox 254 1688 425 1743; x_wconf 75' lang='lat' dir='ltr'>Quinto</span> <span class='ocrx_word' id='word_1_152' title='bbox 448 1685 630 1728; x_wconf 86' lang='lat' dir='ltr'>Calabro</span> <span class='ocrx_word' id='word_1_153' title='bbox 648 1685 722 1726; x_wconf 90' lang='lat' dir='ltr'>lib.</span> <span class='ocrx_word' id='word_1_154' title='bbox 748 1683 827 1725; x_wconf 89' lang='lat' dir='ltr'>XI.</span> <span class='ocrx_word' id='word_1_155' title='bbox 853 1694 893 1724; x_wconf 90' lang='lat' dir='ltr'>et</span> <span class='ocrx_word' id='word_1_156' title='bbox 916 1683 1086 1739; x_wconf 63' lang='lat' dir='ltr'>Dietye.</span> <span class='ocrx_word' id='word_1_157' title='bbox 1151 1684 1264 1726; x_wconf 89' lang='lat' dir='ltr'>Cum</span> <span class='ocrx_word' id='word_1_158' title='bbox 1285 1697 1423 1728; x_wconf 87' lang='lat' dir='ltr'>autem</span> <span class='ocrx_word' id='word_1_159' title='bbox 1440 1688 1620 1729; x_wconf 85' lang='lat' dir='ltr'>omnino</span> 
     </span>
     <span class='ocr_line' id='line_1_23' title="bbox 256 1757 1616 1811; baseline -0.002 -9"><span class='ocrx_word' id='word_1_160' title='bbox 256 1762 302 1802; x_wconf 86' lang='lat' dir='ltr'>in</span> <span class='ocrx_word' id='word_1_161' title='bbox 331 1759 594 1803; x_wconf 89' lang='lat' dir='ltr'>Graecorum</span> <span class='ocrx_word' id='word_1_162' title='bbox 617 1759 989 1811; x_wconf 80' lang='lat' dir='ltr'>Romanorumque</span> <span class='ocrx_word' id='word_1_163' title='bbox 1007 1757 1123 1797; x_wconf 85' lang='lat' dir='ltr'>libris</span> <span class='ocrx_word' id='word_1_164' title='bbox 1142 1757 1190 1796; x_wconf 85' lang='lat' dir='ltr'>de</span> <span class='ocrx_word' id='word_1_165' title='bbox 1211 1758 1353 1798; x_wconf 87' lang='lat' dir='ltr'>Aenea</span> <span class='ocrx_word' id='word_1_166' title='bbox 1375 1767 1460 1798; x_wconf 87' lang='lat' dir='ltr'>tarn</span> <span class='ocrx_word' id='word_1_167' title='bbox 1481 1759 1616 1799; x_wconf 81' lang='lat' dir='ltr'>multa</span> 
     </span>
     <span class='ocr_line' id='line_1_24' title="bbox 256 1828 1616 1886; baseline 0 -13"><span class='ocrx_word' id='word_1_168' title='bbox 256 1842 422 1874; x_wconf 82' lang='lat' dir='ltr'>narrata</span> <span class='ocrx_word' id='word_1_169' title='bbox 442 1831 586 1882; x_wconf 75' lang='lat' dir='ltr'>essent,</span> <span class='ocrx_word' id='word_1_170' title='bbox 620 1841 778 1885; x_wconf 80' lang='lat' dir='ltr'>paratas</span> <span class='ocrx_word' id='word_1_171' title='bbox 810 1830 984 1870; x_wconf 85' lang='lat' dir='ltr'>ornandi</span> <span class='ocrx_word' id='word_1_172' title='bbox 1015 1828 1359 1883; x_wconf 78' lang='lat' dir='ltr'>etamplificandi</span> <span class='ocrx_word' id='word_1_173' title='bbox 1382 1833 1616 1886; x_wconf 84' lang='lat' dir='ltr'>argumenti</span> 
     </span>
     <span class='ocr_line' id='line_1_25' title="bbox 255 1901 1616 1959; baseline 0.001 -13"><span class='ocrx_word' id='word_1_174' title='bbox 255 1905 396 1959; x_wconf 88' lang='lat' dir='ltr'>copias</span> <span class='ocrx_word' id='word_1_175' title='bbox 419 1904 455 1943; x_wconf 91' lang='lat' dir='ltr'>ei</span> <span class='ocrx_word' id='word_1_176' title='bbox 480 1903 527 1943; x_wconf 88' lang='lat' dir='ltr'>ad</span> <span class='ocrx_word' id='word_1_177' title='bbox 552 1917 721 1943; x_wconf 83' lang='lat' dir='ltr'>manum</span> <span class='ocrx_word' id='word_1_178' title='bbox 745 1901 863 1943; x_wconf 83' lang='lat' dir='ltr'>fuisse</span> <span class='ocrx_word' id='word_1_179' title='bbox 884 1914 1065 1957; x_wconf 83' lang='lat' dir='ltr'>apparet.</span> <span class='ocrx_word' id='word_1_180' title='bbox 1130 1903 1251 1958; x_wconf 74' lang='lat' dir='ltr'>Qae</span> <span class='ocrx_word' id='word_1_181' title='bbox 1269 1913 1413 1958; x_wconf 87' lang='lat' dir='ltr'>poetae</span> <span class='ocrx_word' id='word_1_182' title='bbox 1434 1905 1616 1948; x_wconf 85' lang='lat' dir='ltr'>felicitas</span> 
     </span>
     <span class='ocr_line' id='line_1_26' title="bbox 256 1975 1615 2032; baseline 0.001 -13"><span class='ocrx_word' id='word_1_183' title='bbox 256 1992 355 2019; x_wconf 91' lang='lat' dir='ltr'>cum</span> <span class='ocrx_word' id='word_1_184' title='bbox 382 1975 514 2032; x_wconf 86' lang='lat' dir='ltr'>vulgo</span> <span class='ocrx_word' id='word_1_185' title='bbox 545 1991 690 2030; x_wconf 86' lang='lat' dir='ltr'>parurn</span> <span class='ocrx_word' id='word_1_186' title='bbox 725 1985 825 2017; x_wconf 84' lang='lat' dir='ltr'>nota</span> <span class='ocrx_word' id='word_1_187' title='bbox 856 1986 896 2016; x_wconf 90' lang='lat' dir='ltr'>et</span> <span class='ocrx_word' id='word_1_188' title='bbox 921 1976 1134 2017; x_wconf 60' lang='lat' dir='ltr'>intelledta</span> <span class='ocrx_word' id='word_1_189' title='bbox 1165 1976 1231 2028; x_wconf 82' lang='lat' dir='ltr'>sit,</span> <span class='ocrx_word' id='word_1_190' title='bbox 1264 1977 1407 2031; x_wconf 88' lang='lat' dir='ltr'>paullo</span> <span class='ocrx_word' id='word_1_191' title='bbox 1441 1993 1615 2020; x_wconf 79' lang='lat' dir='ltr'>accura-</span> 
     </span>
     <span class='ocr_line' id='line_1_27' title="bbox 254 2049 1620 2102; baseline 0.001 -10"><span class='ocrx_word' id='word_1_192' title='bbox 254 2051 341 2092; x_wconf 86' lang='lat' dir='ltr'>tius</span> <span class='ocrx_word' id='word_1_193' title='bbox 372 2063 469 2090; x_wconf 88' lang='lat' dir='ltr'>mox</span> <span class='ocrx_word' id='word_1_194' title='bbox 504 2063 551 2090; x_wconf 90' lang='lat' dir='ltr'>ea</span> <span class='ocrx_word' id='word_1_195' title='bbox 584 2049 633 2090; x_wconf 88' lang='lat' dir='ltr'>de</span> <span class='ocrx_word' id='word_1_196' title='bbox 671 2064 731 2101; x_wconf 84' lang='lat' dir='ltr'>re,</span> <span class='ocrx_word' id='word_1_197' title='bbox 762 2050 885 2090; x_wconf 91' lang='lat' dir='ltr'>variis</span> <span class='ocrx_word' id='word_1_198' title='bbox 920 2051 1044 2090; x_wconf 86' lang='lat' dir='ltr'>etiam</span> <span class='ocrx_word' id='word_1_199' title='bbox 1072 2050 1267 2102; x_wconf 89' lang='lat' dir='ltr'>deinceps</span> <span class='ocrx_word' id='word_1_200' title='bbox 1289 2049 1544 2093; x_wconf 83' lang='lat' dir='ltr'>Excurfibus</span> <span class='ocrx_word' id='word_1_201' title='bbox 1565 2052 1620 2094; x_wconf 67' lang='lat' dir='ltr'>de*</span> 
     </span>
     <span class='ocr_line' id='line_1_28' title="bbox 255 2121 1621 2179; baseline 0.002 -15"><span class='ocrx_word' id='word_1_202' title='bbox 255 2123 428 2179; x_wconf 74' lang='lat' dir='ltr'>singulis</span> <span class='ocrx_word' id='word_1_203' title='bbox 464 2123 667 2177; x_wconf 86' lang='lat' dir='ltr'>partibus,</span> <span class='ocrx_word' id='word_1_204' title='bbox 700 2137 884 2178; x_wconf 82' lang='lat' dir='ltr'>agemus.</span> <span class='ocrx_word' id='word_1_205' title='bbox 947 2121 1143 2163; x_wconf 67' lang='lat' dir='ltr'>Dedueco</span> <span class='ocrx_word' id='word_1_206' title='bbox 1174 2123 1339 2163; x_wconf 84' lang='lat' dir='ltr'>tandem</span> <span class='ocrx_word' id='word_1_207' title='bbox 1373 2139 1510 2165; x_wconf 86' lang='lat' dir='ltr'>rerum</span> <span class='ocrx_word' id='word_1_208' title='bbox 1544 2141 1621 2167; x_wconf 46' lang='lat' dir='ltr'>oras</span> 
     </span>
     <span class='ocr_line' id='line_1_29' title="bbox 255 2192 1614 2254; baseline 0.003 -18"><span class='ocrx_word' id='word_1_209' title='bbox 255 2195 353 2236; x_wconf 84' lang='lat' dir='ltr'>dine</span> <span class='ocrx_word' id='word_1_210' title='bbox 377 2195 420 2235; x_wconf 91' lang='lat' dir='ltr'>in</span> <span class='ocrx_word' id='word_1_211' title='bbox 442 2192 607 2234; x_wconf 87' lang='lat' dir='ltr'>Italiam</span> <span class='ocrx_word' id='word_1_212' title='bbox 628 2209 738 2235; x_wconf 89' lang='lat' dir='ltr'>noua</span> <span class='ocrx_word' id='word_1_213' title='bbox 758 2210 911 2245; x_wconf 85' lang='lat' dir='ltr'>rerum,</span> <span class='ocrx_word' id='word_1_214' title='bbox 944 2196 1162 2236; x_wconf 86' lang='lat' dir='ltr'>hominum</span> <span class='ocrx_word' id='word_1_215' title='bbox 1187 2206 1227 2236; x_wconf 92' lang='lat' dir='ltr'>et</span> <span class='ocrx_word' id='word_1_216' title='bbox 1257 2196 1444 2238; x_wconf 89' lang='lat' dir='ltr'>locorum</span> <span class='ocrx_word' id='word_1_217' title='bbox 1465 2214 1614 2254; x_wconf 80' lang='lat' dir='ltr'>genera</span> 
     </span>
     <span class='ocr_line' id='line_1_30' title="bbox 255 2266 1612 2325; baseline 0.004 -17"><span class='ocrx_word' id='word_1_218' title='bbox 255 2281 303 2308; x_wconf 86' lang='lat' dir='ltr'>ac</span> <span class='ocrx_word' id='word_1_219' title='bbox 334 2267 507 2308; x_wconf 88' lang='lat' dir='ltr'>nomina</span> <span class='ocrx_word' id='word_1_220' title='bbox 537 2266 902 2320; x_wconf 84' lang='lat' dir='ltr'>subnascebantur,</span> <span class='ocrx_word' id='word_1_221' title='bbox 935 2270 1291 2324; x_wconf 82' lang='lat' dir='ltr'>contingebatque</span> <span class='ocrx_word' id='word_1_222' title='bbox 1324 2271 1422 2311; x_wconf 88' lang='lat' dir='ltr'>adeo</span> <span class='ocrx_word' id='word_1_223' title='bbox 1455 2282 1612 2325; x_wconf 87' lang='lat' dir='ltr'>poetae,</span> 
     </span>
    </p>
   </div>
   <div class='ocr_carea' id='block_1_3' title="bbox 253 2387 1616 2914">
    <p class='ocr_par' dir='ltr' id='par_1_3' title="bbox 253 2387 1616 2914">
     <span class='ocr_line' id='line_1_31' title="bbox 253 2387 1614 2442; baseline 0.001 -16"><span class='ocrx_word' id='word_1_224' title='bbox 253 2387 403 2427; x_wconf 82' lang='lat' dir='ltr'>stitione</span> <span class='ocrx_word' id='word_1_225' title='bbox 422 2389 668 2442; x_wconf 31' lang='lat' dir='ltr'>fimili&#39;taCtos</span> <span class='ocrx_word' id='word_1_226' title='bbox 688 2391 765 2428; x_wconf 91' lang='lat' dir='ltr'>vim</span> <span class='ocrx_word' id='word_1_227' title='bbox 797 2391 945 2429; x_wconf 82' lang='lat' dir='ltr'>nullam</span> <span class='ocrx_word' id='word_1_228' title='bbox 974 2391 1114 2429; x_wconf 88' lang='lat' dir='ltr'>habere</span> <span class='ocrx_word' id='word_1_229' title='bbox 1144 2392 1258 2442; x_wconf 76' lang='lat' dir='ltr'>poss&#39;e.</span> <span class='ocrx_word' id='word_1_230' title='bbox 1315 2393 1369 2430; x_wconf 91' lang='lat' dir='ltr'>Vt</span> <span class='ocrx_word' id='word_1_231' title='bbox 1398 2391 1514 2429; x_wconf 87' lang='lat' dir='ltr'>verbo</span> <span class='ocrx_word' id='word_1_232' title='bbox 1531 2403 1614 2429; x_wconf 84' lang='lat' dir='ltr'>rem</span> 
     </span>
     <span class='ocr_line' id='line_1_32' title="bbox 255 2441 1614 2493; baseline 0.001 -14"><span class='ocrx_word' id='word_1_233' title='bbox 255 2441 479 2480; x_wconf 79' lang='lat' dir='ltr'>absoluam:</span> <span class='ocrx_word' id='word_1_234' title='bbox 525 2443 714 2482; x_wconf 86' lang='lat' dir='ltr'>Ponamus</span> <span class='ocrx_word' id='word_1_235' title='bbox 743 2445 915 2481; x_wconf 84' lang='lat' dir='ltr'>Aeneam</span> <span class='ocrx_word' id='word_1_236' title='bbox 948 2444 1170 2493; x_wconf 77' lang='lat' dir='ltr'>posthabitis</span> <span class='ocrx_word' id='word_1_237' title='bbox 1203 2444 1358 2482; x_wconf 90' lang='lat' dir='ltr'>deorum</span> <span class='ocrx_word' id='word_1_238' title='bbox 1392 2443 1544 2482; x_wconf 87' lang='lat' dir='ltr'>monitis</span> <span class='ocrx_word' id='word_1_239' title='bbox 1573 2443 1614 2481; x_wconf 86' lang='lat' dir='ltr'>in</span> 
     </span>
     <span class='ocr_line' id='line_1_33' title="bbox 255 2494 1616 2547; baseline 0.002 -16"><span class='ocrx_word' id='word_1_240' title='bbox 255 2494 334 2531; x_wconf 84' lang='lat' dir='ltr'>alia</span> <span class='ocrx_word' id='word_1_241' title='bbox 372 2505 471 2532; x_wconf 87' lang='lat' dir='ltr'>terra</span> <span class='ocrx_word' id='word_1_242' title='bbox 499 2495 716 2541; x_wconf 81' lang='lat' dir='ltr'>consediffe,</span> <span class='ocrx_word' id='word_1_243' title='bbox 747 2497 849 2547; x_wconf 84' lang='lat' dir='ltr'>apud</span> <span class='ocrx_word' id='word_1_244' title='bbox 876 2495 1071 2534; x_wconf 81' lang='lat' dir='ltr'>Didonem</span> <span class='ocrx_word' id='word_1_245' title='bbox 1105 2497 1228 2534; x_wconf 87' lang='lat' dir='ltr'>sedem</span> <span class='ocrx_word' id='word_1_246' title='bbox 1261 2497 1390 2540; x_wconf 76' lang='lat' dir='ltr'>fixiffe,</span> <span class='ocrx_word' id='word_1_247' title='bbox 1420 2495 1524 2547; x_wconf 91' lang='lat' dir='ltr'>quod</span> <span class='ocrx_word' id='word_1_248' title='bbox 1556 2496 1616 2534; x_wconf 76' lang='lat' dir='ltr'>vir</span> 
     </span>
     <span class='ocr_line' id='line_1_34' title="bbox 255 2546 1615 2600; baseline 0.001 -16"><span class='ocrx_word' id='word_1_249' title='bbox 255 2546 482 2585; x_wconf 80' lang='lat' dir='ltr'>acutiffimus</span> <span class='ocrx_word' id='word_1_250' title='bbox 515 2548 712 2594; x_wconf 79' lang='lat' dir='ltr'>malebat3</span> <span class='ocrx_word' id='word_1_251' title='bbox 756 2559 794 2586; x_wconf 87' lang='lat' dir='ltr'>et</span> <span class='ocrx_word' id='word_1_252' title='bbox 826 2549 1054 2600; x_wconf 83' lang='lat' dir='ltr'>cogitemus,</span> <span class='ocrx_word' id='word_1_253' title='bbox 1099 2563 1176 2600; x_wconf 81' lang='lat' dir='ltr'>quo</span> <span class='ocrx_word' id='word_1_254' title='bbox 1208 2549 1336 2589; x_wconf 88' lang='lat' dir='ltr'>animo</span> <span class='ocrx_word' id='word_1_255' title='bbox 1366 2549 1466 2586; x_wconf 83' lang='lat' dir='ltr'>illud</span> <span class='ocrx_word' id='word_1_256' title='bbox 1499 2548 1615 2586; x_wconf 83' lang='lat' dir='ltr'>laturi</span> 
     </span>
     <span class='ocr_line' id='line_1_35' title="bbox 256 2599 1613 2652; baseline 0.002 -16"><span class='ocrx_word' id='word_1_257' title='bbox 256 2599 369 2637; x_wconf 83' lang='lat' dir='ltr'>fimus</span> <span class='ocrx_word' id='word_1_258' title='bbox 388 2600 488 2638; x_wconf 89' lang='lat' dir='ltr'>inter</span> <span class='ocrx_word' id='word_1_259' title='bbox 508 2601 714 2652; x_wconf 86' lang='lat' dir='ltr'>legendum</span> <span class='ocrx_word' id='word_1_260' title='bbox 731 2602 790 2639; x_wconf 91' lang='lat' dir='ltr'>vel</span> <span class='ocrx_word' id='word_1_261' title='bbox 810 2602 1059 2640; x_wconf 76' lang='lat' dir='ltr'>audiendum.</span> <span class='ocrx_word' id='word_1_262' title='bbox 1118 2602 1240 2640; x_wconf 83' lang='lat' dir='ltr'>Aliud</span> <span class='ocrx_word' id='word_1_263' title='bbox 1259 2603 1309 2639; x_wconf 86' lang='lat' dir='ltr'>est</span> <span class='ocrx_word' id='word_1_264' title='bbox 1327 2601 1507 2639; x_wconf 87' lang='lat' dir='ltr'>Batteufii</span> <span class='ocrx_word' id='word_1_265' title='bbox 1524 2614 1613 2640; x_wconf 89' lang='lat' dir='ltr'>acu-</span> 
     </span>
     <span class='ocr_line' id='line_1_36' title="bbox 257 2653 1615 2702; baseline 0.002 -14"><span class='ocrx_word' id='word_1_266' title='bbox 257 2664 362 2695; x_wconf 90' lang='lat' dir='ltr'>men,</span> <span class='ocrx_word' id='word_1_267' title='bbox 392 2653 460 2702; x_wconf 91' lang='lat' dir='ltr'>qui</span> <span class='ocrx_word' id='word_1_268' title='bbox 499 2653 708 2691; x_wconf 86' lang='lat' dir='ltr'>narrationi</span> <span class='ocrx_word' id='word_1_269' title='bbox 737 2654 784 2690; x_wconf 88' lang='lat' dir='ltr'>de</span> <span class='ocrx_word' id='word_1_270' title='bbox 819 2654 987 2692; x_wconf 89' lang='lat' dir='ltr'>aduentu</span> <span class='ocrx_word' id='word_1_271' title='bbox 1027 2657 1182 2692; x_wconf 90' lang='lat' dir='ltr'>Aeneae</span> <span class='ocrx_word' id='word_1_272' title='bbox 1211 2665 1250 2692; x_wconf 82' lang='lat' dir='ltr'>et</span> <span class='ocrx_word' id='word_1_273' title='bbox 1282 2653 1538 2692; x_wconf 87' lang='lat' dir='ltr'>Troianorum</span> <span class='ocrx_word' id='word_1_274' title='bbox 1571 2654 1615 2691; x_wconf 84' lang='lat' dir='ltr'>in</span> 
     </span>
     <span class='ocr_line' id='line_1_37' title="bbox 255 2703 1614 2757; baseline 0.003 -18"><span class='ocrx_word' id='word_1_275' title='bbox 255 2703 411 2740; x_wconf 78' lang='lat' dir='ltr'>Italiam</span> <span class='ocrx_word' id='word_1_276' title='bbox 446 2703 542 2742; x_wconf 87' lang='lat' dir='ltr'>nihil</span> <span class='ocrx_word' id='word_1_277' title='bbox 570 2704 682 2742; x_wconf 84' lang='lat' dir='ltr'>inefl&#39;e</span> <span class='ocrx_word' id='word_1_278' title='bbox 711 2706 815 2743; x_wconf 87' lang='lat' dir='ltr'>videt</span> <span class='ocrx_word' id='word_1_279' title='bbox 839 2706 942 2756; x_wconf 88' lang='lat' dir='ltr'>quod</span> <span class='ocrx_word' id='word_1_280' title='bbox 975 2706 1224 2744; x_wconf 80' lang='lat' dir='ltr'>humanitatis</span> <span class='ocrx_word' id='word_1_281' title='bbox 1257 2706 1402 2744; x_wconf 88' lang='lat' dir='ltr'>sensum</span> <span class='ocrx_word' id='word_1_282' title='bbox 1432 2706 1614 2757; x_wconf 51' lang='lat' dir='ltr'>attingate</span> 
     </span>
     <span class='ocr_line' id='line_1_38' title="bbox 260 2754 1615 2813; baseline 0.003 -21"><span class='ocrx_word' id='word_1_283' title='bbox 260 2754 368 2813; x_wconf 79' lang='lat' dir='ltr'>Qid</span> <span class='ocrx_word' id='word_1_284' title='bbox 386 2759 503 2794; x_wconf 86' lang='lat' dir='ltr'>vero?</span> <span class='ocrx_word' id='word_1_285' title='bbox 535 2756 703 2795; x_wconf 88' lang='lat' dir='ltr'>alienum</span> <span class='ocrx_word' id='word_1_286' title='bbox 725 2771 746 2795; x_wconf 89' lang='lat' dir='ltr'>a</span> <span class='ocrx_word' id='word_1_287' title='bbox 774 2767 826 2801; x_wconf 88' lang='lat' dir='ltr'>te,</span> <span class='ocrx_word' id='word_1_288' title='bbox 857 2758 881 2795; x_wconf 80' lang='lat' dir='ltr'>fi</span> <span class='ocrx_word' id='word_1_289' title='bbox 915 2759 1029 2796; x_wconf 88' lang='lat' dir='ltr'>homo</span> <span class='ocrx_word' id='word_1_290' title='bbox 1047 2772 1100 2803; x_wconf 88' lang='lat' dir='ltr'>es,</span> <span class='ocrx_word' id='word_1_291' title='bbox 1131 2758 1299 2809; x_wconf 86' lang='lat' dir='ltr'>putabis,</span> <span class='ocrx_word' id='word_1_292' title='bbox 1329 2773 1376 2796; x_wconf 87' lang='lat' dir='ltr'>an</span> <span class='ocrx_word' id='word_1_293' title='bbox 1397 2772 1558 2810; x_wconf 89' lang='lat' dir='ltr'>magnus</span> <span class='ocrx_word' id='word_1_294' title='bbox 1576 2768 1615 2796; x_wconf 87' lang='lat' dir='ltr'>et</span> 
     </span>
     <span class='ocr_line' id='line_1_39' title="bbox 257 2809 1614 2862; baseline 0.003 -18"><span class='ocrx_word' id='word_1_295' title='bbox 257 2817 400 2845; x_wconf 77' lang='lat' dir='ltr'>virtute</span> <span class='ocrx_word' id='word_1_296' title='bbox 417 2810 540 2846; x_wconf 87' lang='lat' dir='ltr'>clarus</span> <span class='ocrx_word' id='word_1_297' title='bbox 560 2809 617 2846; x_wconf 91' lang='lat' dir='ltr'>vir</span> <span class='ocrx_word' id='word_1_298' title='bbox 635 2823 680 2847; x_wconf 88' lang='lat' dir='ltr'>ex</span> <span class='ocrx_word' id='word_1_299' title='bbox 700 2810 851 2848; x_wconf 84' lang='lat' dir='ltr'>incensa</span> <span class='ocrx_word' id='word_1_300' title='bbox 871 2810 994 2860; x_wconf 88' lang='lat' dir='ltr'>patria</span> <span class='ocrx_word' id='word_1_301' title='bbox 1021 2811 1205 2862; x_wconf 88' lang='lat' dir='ltr'>profugus</span> <span class='ocrx_word' id='word_1_302' title='bbox 1225 2812 1303 2861; x_wconf 87' lang='lat' dir='ltr'>post</span> <span class='ocrx_word' id='word_1_303' title='bbox 1323 2821 1378 2849; x_wconf 83' lang='lat' dir='ltr'>tot</span> <span class='ocrx_word' id='word_1_304' title='bbox 1398 2823 1614 2856; x_wconf 82' lang='lat' dir='ltr'>aerumnas,</span> 
     </span>
     <span class='ocr_line' id='line_1_40' title="bbox 259 2860 1521 2914; baseline 0.002 -16"><span class='ocrx_word' id='word_1_305' title='bbox 259 2870 298 2898; x_wconf 84' lang='lat' dir='ltr'>et</span> <span class='ocrx_word' id='word_1_306' title='bbox 313 2860 417 2899; x_wconf 75' lang='lat' dir='ltr'>casus</span> <span class='ocrx_word' id='word_1_307' title='bbox 438 2861 584 2902; x_wconf 86' lang='lat' dir='ltr'>fortiter</span> <span class='ocrx_word' id='word_1_308' title='bbox 599 2863 762 2914; x_wconf 85' lang='lat' dir='ltr'>perlatos</span> <span class='ocrx_word' id='word_1_309' title='bbox 780 2861 934 2903; x_wconf 78' lang='lat' dir='ltr'>tandem</span> <span class='ocrx_word' id='word_1_310' title='bbox 956 2862 1002 2904; x_wconf 85' lang='lat' dir='ltr'>ad</span> <span class='ocrx_word' id='word_1_311' title='bbox 1019 2872 1140 2904; x_wconf 84' lang='lat' dir='ltr'>tutam</span> <span class='ocrx_word' id='word_1_312' title='bbox 1157 2863 1281 2903; x_wconf 87' lang='lat' dir='ltr'>sedem</span> <span class='ocrx_word' id='word_1_313' title='bbox 1298 2863 1445 2904; x_wconf 83' lang='lat' dir='ltr'>delatus</span> <span class='ocrx_word' id='word_1_314' title='bbox 1465 2864 1521 2902; x_wconf 84' lang='lat' dir='ltr'>fit.</span> 
     </span>
    </p>
   </div>
   <div class='ocr_carea' id='block_1_4' title="bbox 1499 2929 1610 2987">
    <p class='ocr_par' dir='ltr' id='par_1_4' title="bbox 1499 2929 1610 2987">
     <span class='ocr_line' id='line_1_41' title="bbox 1499 2929 1610 2987; baseline 0.009 -14"><span class='ocrx_word' id='word_1_315' title='bbox 1499 2929 1610 2987; x_wconf 84' lang='lat' dir='ltr'>quod</span> 
     </span>
    </p>
   </div>
  </div>
 </body>
</html>
