1685 3093
305 132 1317 208 ‘FRACTAT11⁸1V1'‹;N‘1“101{1E.¹
1413 182 1468 226 53

113 268 215 310 modi
234 269 300 324 est,
330 276 376 309 vt
396 267 552 319 omnia,
585 284 690 323 quae
721 270 772 310 ab
805 270 947 310 Aenea
983 268 1090 324 gesta
1126 269 1236 320 sunt,
1272 285 1462 325 quaeque

110 340 171 382 illi
194 340 459 390 accederunt,
491 357 534 381 ea
557 343 735 398 fuerint,
768 357 863 397 quae
897 342 932 383 ei
951 341 1159 398 secundum
1193 343 1352 402 quictem
1374 346 1461 401 vzjsa

99 413 212 471 sunt.
256 411 486 453 Narratum
509 414 637 468 igitur
658 425 744 455 erat
764 413 869 467 apud
891 413 1026 454 Num.
1047 411 1240 462 Fabium,
1266 414 1337 467 qui
1360 414 1458 454 dum

108 499 253 541 graece
288 484 457 538 scripsit,
491 501 656 542 graecos
689 487 873 531 auctiores
903 486 1015 541 sequi
1047 485 1199 538 potuit,
1233 485 1456 538 somnium,

107 573 193 612 quo
229 558 313 598 fata
346 559 511 601 Aeneae
543 570 847 611 exponerentur
888 573 956 613 per
997 559 1177 612 quietern
1210 571 1259 596 ex
1294 558 1456 612 ordine,

109 645 194 685 qua
214 630 359 670 deinde
381 642 552 674 euentus
575 631 876 685 comprobauit.

125 688 127 690 .
164 701 294 744 Porro
325 703 478 743 multos
515 703 652 756 paffim
689 701 893 741 Penatum
924 702 1124 751 monitus,
1158 716 1262 755 quos
1295 703 1458 745 Aeneas

109 785 338 829 acceperat,
373 773 490 815 fuiss’e
524 783 787 823 memoratos,
819 788 869 813 ex
900 772 1030 814 Seruii
1065 774 1157 814 loco
1186 775 1339 816 discere
1361 778 1459 818 licet

108 848 158 889 ad
181 846 268 898 III,
302 848 379 900 148
403 846 575 887 Penates
597 869 652 875 ——
673 861 759 900 quos
780 847 936 903 quidam
957 847 1104 896 dicunt,
1137 848 1217 888 ideo
1240 849 1411 891 indfflos
1432 867 1457 892 α

102 930 214 976 poeta
243 936 389 961 monere
418 929 490 974 per
512 918 685 974 somnum
701 933 714 958 :
765 918 908 958 monitu
930 935 1016 959 nam
1039 935 1164 961 eorum
1190 930 1263 975 per
1294 923 1454 976 quietem

109 993 245 1050 iufficm
267 1009 347 1033 cum
371 992 514 1033 Latino
522 991 665 1045 foedus
672 990 830 1045 fec3'ffe3
878 1006 1003 1031 mrum
1033 993 1146 1032 etiam
1171 994 1314 1037 monitu
1336 996 1456 1040 Lati-

107 1081 197 1107 num
218 1063 364 1105 Aeneae
388 1065 434 1119 se
465 1061 720 1116 c07ziunxff’3
775 1063 895 1115 (haec
931 1064 1068 1104 eadem
1101 1079 1167 1122 ap.
1201 1065 1380 1122 Dionys.
1417 1067 1455 1118 Ῑ,

105 1149 159 1193 57
191 1135 439 1188 occurrunt)
472 1134 608 1191 eosdem
640 1135 766 1175 tradit
809 1134 871 1188 (V
878 1136 989 1189 arro)
1033 1139 1132 1194 visos
1167 1139 1392 1193 aliquotiens
1413 1142 1455 1182 in

97 1210 259 1269 somnis,
293 1209 390 1264 quid
408 1209 507 1266 fieri
540 1208 697 1256 vellent,
738 1207 948 1263 impercff,
993 1226 1107 1263 eaque
1139 1214 1278 1267 nostres
1307 1215 1459 1267 publice

106 1281 249 1338 curqffil’
278 1281 452 1327 maiores.
516 1279 656 1325 Etiam
691 1279 995 1320 dubitationem
1032 1282 1120 1335 post
1152 1284 1371 1338 appulsum
1406 1288 1456 1327 ad

105 1342 358 1397 Laurentem
374 1358 517 1409 agrum
538 1353 586 1393 de
608 1353 703 1393 loco
727 1367 858 1392 nouae
878 1354 988 1394 vrbis
1010 1355 1209 1408 capiendo
1232 1357 1455 1399 secundum

105 1427 335 1474 nonnullos
357 1427 486 1467 oblati
519 1440 589 1480 per
621 1425 803 1478 quietem
837 1426 1002 1465 Aeneae
1035 1427 1091 1466 dii
1125 1429 1246 1480 patrii
1280 1429 1456 1470 direme-

105 1511 201 1542 rant
231 1515 295 1555 ap.
320 1499 500 1555 Dionys.
525 1497 563 1549 I,
598 1498 668 1553 56.
717 1497 919 1550 descripta
951 1509 990 1538 et
1024 1499 1123 1539 haec
1158 1517 1179 1541 e
1216 1501 1377 1543 Catone
1414 1505 1458 1544 in

103 1575 265 1629 origine
297 1573 430 1628 gentis
466 1572 697 1621 Romanae,
743 1586 864 1625 quem
896 1586 944 1611 eo
980 1583 1071 1612 toto
1106 1575 1203 1614 loco
1240 1576 1453 1632 sequitur;

104 1661 201 1687 nam
218 1646 390 1687 totidem
410 1645 545 1686 verbis
567 1658 615 1684 ex
640 1643 714 1683 illo
732 1643 839 1683 libro
856 1643 1050 1698 leguntur
1072 1646 1143 1686 ista
1164 1662 1226 1700 ap.
1253 1649 1379 1689 Auel.
1408 1650 1456 1689 de

106 1717 167 1760 O.
194 1716 255 1760 G.
280 1717 334 1758 R.
358 1733 396 1758 c.
425 1731 490 1759 12.
513 1726 619 1756 extr.

164 1790 346 1832 Latinus
368 1789 503 1830 Fauni
525 1788 696 1829 oraculo
711 1790 896 1830 monitus
918 1791 1067 1840 fuerat,
1100 1800 1145 1832 vt
1167 1806 1362 1846 generum
1385 1793 1455 1833 fibi

105 1864 280 1905 sumeret
300 1873 542 1903 extraneum
565 1862 746 1916 aliquem
775 1872 815 1901 et
837 1877 933 1902 curn
954 1876 1003 1903 eo
1022 1877 1195 1917 regnum
1217 1866 1454 1905 communi-

105 1945 231 1978 caret.
296 1934 366 1977 Sic
388 1935 510 1991 Virg.
536 1936 644 1976 Aen.
670 1933 779 1985 VII,
813 1947 896 1989 254
919 1935 1007 1989 sqq.
1070 1934 1188 1975 Paria
1218 1950 1268 1976 ex
1292 1936 1456 1994 Catone

108 2011 214 2062 (non
245 2024 295 2050 ex
327 2009 388 2064 Q
411 2007 606 2062 Lutatio)
655 2008 791 2061 prodit
814 2007 962 2049 Victor
991 2008 1039 2048 de
1073 2007 1131 2049 O.
1157 2006 1218 2049 G.
1245 2008 1299 2049 R.
1327 2025 1455 2066 13.—

103 2092 233 2138 vtpote
253 2084 319 2138 qui
351 2081 572 2136 (Latinus)
608 2083 648 2123 in
677 2081 740 2122 hoc
775 2081 964 2136 confilium
995 2082 1225 2122 auHoritate
1255 2083 1453 2124 numinum

104 2157 331 2210 cogebatur,
365 2170 524 2208 namque
544 2155 641 2195 extis
661 2170 705 2195 ac
726 2155 888 2211 somniis
911 2155 1027 2212 saepe
1046 2156 1261 2196 admonitus
1282 2167 1365 2197 erat
1386 2168 1452 2197 tu-

105 2228 237 2271 tiorem
257 2228 302 2285 se
321 2228 502 2284 aduersus
522 2227 634 2281 hostes
642 2230 752 2284 fore,
771 2228 814 2284 st
831 2228 952 2283 copias
962 2229 1059 2286 suas
1080 2244 1161 2269 cum
1182 2229 1341 2275 aduenis
1362 2246 1447 2271 conm

103 2301 300 2356 z‘unxiffl’t.

162 2371 363 2414 Similiter
398 2373 521 2414 etiam
558 2373 600 2413 in
632 2375 794 2425 ceteris,
845 2388 951 2429 quae
985 2375 1035 2415 ab
1069 2374 1210 2414 Aenea
1247 2374 1287 2413 in
1330 2373 1452 2416 Italia

103 2445 211 2501 gesta
246 2445 358 2496 sunt,
390 2445 494 2485 nihil
524 2445 636 2486 aliud
666 2458 827 2502 poetam
855 2446 993 2502 egisse,
1026 2461 1151 2500 quam
1180 2456 1223 2486 vt
1259 2447 1451 2501 antiquas

101 2517 288 2558 historias
312 2518 393 2558 suis
414 2516 596 2558 consiliis
614 2520 959 2569 accommodaret,
978 2534 1026 2559 cx
1050 2519 1189 2560 iisdem
1211 2520 1450 2560 auefforibus

104 2592 262 2632 clarum
281 2589 352 2641 est,
384 2599 424 2630 et
447 2591 553 2631 infra
574 2606 739 2645 quoque
762 2592 832 2631 suo
854 2592 947 2631 loco
964 2590 1173 2646 sigillatim
1196 2576 1447 2633 monebitur.
1477 2579 1481 2585 ¹

105 2663 244 2718 Qam
267 2662 553 2704 auctoritatem
578 2663 617 2701 in
640 2662 801 2702 excidio
824 2662 1018 2703 Troiano
1041 2663 1236 2718 sequutus
1258 2663 1321 2715 sit,
1351 2666 1449 2720 plu-

104 2736 215 2777 ribus
239 2735 490 2777 Excurfibus
513 2735 561 2776 ad
582 2735 654 2776 lib.
682 2733 741 2774 ΙΙ.
776 2734 1064 2775 declarabitur.

161 2806 285 2860 Satis,
309 2818 429 2861 puto,
452 2821 501 2848 ex
524 2808 591 2860 iis,
625 2821 728 2862 quac
750 2806 885 2848 adhuc
908 2806 1017 2850 dieta
1041 2807 1150 2864 sunt²
1185 2809 1453 2864 intelligitur,

730 2878 764 2921 E
801 2894 827 2936 3
1245 2882 1456 2924 materiam
