1685 3093
229 165 283 209 25
540 159 1128 216 DISQVISIT1O
1188 161 1225 202 Ι.

223 270 420 318 crimina,
445 267 580 317 irasci,
613 265 767 317 dolere,
800 275 997 316 metuere,
1030 266 1216 318 sperare;
1248 263 1479 305 versabatur
1502 264 1574 305 sub

223 342 367 383 eodem
385 341 503 385 coelo
523 350 563 381 et
584 339 740 380 adierat
756 354 801 380 ea
822 339 932 390 loca,
966 340 1008 379 in
1031 337 1181 392 quibus
1201 351 1260 378 res
1284 337 1395 388 illae,
1428 351 1449 376 a
1466 337 1577 378 fama

223 427 308 456 tam
332 412 553 469 magnifice
576 421 760 462 ornatae,
783 412 947 452 fuerant
970 410 1099 466 gestae
1119 428 1130 459 ;
1163 413 1351 451 Vtebatur
1371 410 1574 460 sermone,

224 498 372 529 natura
394 486 464 526 sua
485 485 668 539 poetico,
700 483 779 524 hoe
809 483 882 534 est,
915 498 984 537 per
1006 482 1344 536 philosophorum
1367 482 1576 524 subtilita-

225 572 325 611 tem,
356 569 398 599 et
433 559 648 599 rhetorum
680 571 726 597 ac
766 555 1131 611 grammaticorum
1168 556 1352 610 argutias
1387 556 1577 597 nondum

224 632 356 674 fracto
386 641 428 672 et
457 639 693 679 attenuato,
727 629 789 669 sed
823 629 893 683 qui
928 629 1108 668 multum
1134 628 1270 669 adhuc
1303 630 1505 670 retinebat
1525 643 1577 670 ex

223 706 348 762 genio
379 705 543 760 antiqui
577 703 772 744 sermonis
805 700 979 752 Graeci,
1012 702 1083 756 qui
1114 702 1350 744 communis
1371 701 1446 742 esse
1478 702 1582 743 solet

227 779 420 819 omnium
452 778 620 818 rudium
651 776 909 831 linguarum,
941 785 986 815 vt
1014 788 1075 814 res
1097 773 1145 813 ad
1168 773 1326 813 sensum
1349 783 1580 823 reuocaret,

227 851 413 905 adeoque
436 850 546 891 sensa
567 850 694 890 animi
723 859 763 889 et
786 849 982 903 cogitata,
1013 848 1137 888 etiam
1160 845 1343 902 physicas
1363 855 1405 886 et
1424 847 1583 887 ethicas

227 925 468 974 sententias,
501 938 571 976 per
593 936 726 967 rerum
749 929 933 970 naturas,
966 919 1254 972 proprietates,
1271 918 1399 969 vices,
1418 919 1580 959 vtilita-·

225 1008 306 1046 tes,
339 1005 504 1050 propter
537 993 848 1036 similitudinem
881 991 1063 1046 aliquam
1096 991 1307 1032 transsatas
1338 990 1402 1031 vel
1434 990 1582 1032 adum-

225 1071 380 1119 bratas,
412 1067 666 1117 declararet3
706 1066 859 1121 quibus
883 1065 1079 1105 omnibus
1103 1065 1267 1118 poetica
1291 1065 1353 1104 vis
1375 1063 1439 1104 vel
1462 1079 1580 1105 max-

226 1146 306 1184 ime
326 1142 443 1183 inest.
497 1139 645 1196 Itaque
669 1141 750 1181 fere
773 1138 956 1180 accidere
980 1138 1149 1188 solebat,
1172 1147 1217 1177 vt
1240 1137 1582 1190 philosophorum

225 1231 396 1271 quoque
432 1215 650 1268 opiniones
685 1212 748 1254 vel
788 1212 1094 1265 praeceptiones
1127 1212 1303 1265 speciem
1335 1213 1585 1253 narrationis

226 1288 434 1329 raetorum
457 1287 694 1327 induerent.
729 1282 865 1325 Ortus
887 1299 927 1323 v.
946 1297 984 1323 e.
1017 1284 1162 1323 mundi
1185 1298 1235 1324 ex
1257 1286 1362 1325 chao
1384 1300 1452 1339 per
1474 1300 1582 1341 pug-

230 1374 327 1400 nam
348 1359 649 1399 elementorum
672 1358 713 1397 in
736 1357 927 1411 personas
948 1366 989 1396 et
1008 1356 1104 1397 deos
1126 1368 1479 1399 commutatorum
1499 1368 1586 1399 erat

231 1442 463 1474 enarratas.
526 1431 734 1472 Homerus
767 1430 896 1486 igitur
921 1444 968 1468 ea
999 1431 1177 1470 maxime
1213 1432 1370 1486 ingenii
1407 1432 1589 1473 sollertia

229 1506 287 1547 est
318 1506 429 1556 Vsus,
461 1515 506 1546 vt
538 1504 712 1554 videret,
754 1503 1008 1543 narrationes
1041 1503 1112 1544 has
1146 1513 1361 1557 poetarum
1401 1514 1495 1545 ante
1531 1507 1587 1556 se,

233 1595 342 1636 quae
383 1578 691 1634 philosophicas
727 1576 935 1616 doctrinas
977 1576 1372 1628 interpretabantur,
1417 1577 1590 1617 omnino

232 1654 520 1695 narrationum
550 1651 808 1705 poeticarum
839 1648 934 1688 loco
958 1647 1154 1688 inseruire
1176 1647 1315 1701 poffe3
1363 1659 1407 1690 vt
1439 1664 1546 1703 quae
1566 1663 1591 1690 a.

232 1728 363 1782 poetis
383 1736 478 1767 ante
502 1726 538 1766 se
556 1739 606 1765 ex
629 1723 751 1778 prisci
775 1721 973 1761 sermonis
995 1721 1120 1775 genio
1137 1720 1319 1774 expolita
1335 1721 1460 1763 effent
1478 1723 1586 1778 sym-

231 1802 372 1842 bolica
392 1815 531 1841 rerum
554 1798 833 1853 cogitatarum
855 1793 1187 1844 adumbratione,
1219 1809 1265 1834 ea
1286 1809 1308 1834 a
1330 1795 1366 1835 se
1395 1810 1469 1848 pro
1500 1795 1588 1835 fac-

231 1875 285 1913 tis
319 1883 360 1912 et
398 1872 496 1912 fatis
531 1870 706 1910 deorum
744 1877 1008 1908 narrarentur
1046 1875 1314 1922 veterumque
1350 1868 1588 1922 mythorum

235 1956 426 1986 naturam
447 1955 488 1984 et
511 1944 658 1984 faeiem
677 1943 889 1983 haberent.
928 1941 1020 1981 Hac
1042 1940 1292 1993 potiffimum
1314 1941 1470 1981 ratione
1488 1940 1589 1981 doc·

234 2019 388 2059 trinam
411 2017 458 2057 de
480 2017 558 2057 diis
581 2017 785 2070 poeticam
806 2025 846 2056 et
879 2013 1046 2070 systema
1067 2013 1235 2068 aliquod
1257 2013 1591 2070 mythologicum

232 2090 423 2133 condidit
445 2089 651 2129 Homerus
670 2107 683 2139 3
714 2102 895 2142 cumque
917 2086 966 2126 ad
997 2086 1155 2139 epicam
1176 2097 1217 2126 et
1238 2086 1504 2126 dramaticam
1526 2099 1590 2125 re-

235 2179 329 2204 rum
364 2160 663 2216 expositionem
694 2162 856 2217 egregie
887 2159 982 2201 esset
1013 2160 1393 2210 accommodatum,
1427 2159 1471 2199 in
1492 2173 1591 2212 poe-.-

237 2249 373 2277 tarum
407 2235 502 2276 inde
537 2234 836 2288 patrimonium
868 2233 973 2273 illud
1005 2234 1130 2274 ceflit.
1191 2232 1255 2274 Vt
1276 2247 1361 2273 rem
1382 2232 1594 2273 absoluam

236 2312 384 2360 verbo,
406 2308 636 2349 Homerico
658 2307 829 2362 ingenio
849 2305 1222 2347 obstetricabantur
1243 2314 1301 2356 et,
1321 2315 1367 2346 vt
1388 2303 1469 2345 fine
1492 2303 1593 2343 doce

239 2384 351 2424 trina
371 2382 623 2430 doetrinam,
655 2378 737 2420 fine
759 2388 843 2420 arte
865 2389 993 2419 artem
1011 2379 1159 2420 habere
1179 2379 1405 2428 videretur,
1437 2377 1593 2417 efficie-

239 2458 343 2497 bant
365 2455 561 2509 plurima,
593 2468 718 2508 quae,
753 2452 780 2494 fi
822 2453 871 2494 ab
903 2452 978 2494 isto
1007 2467 1109 2494 aeuo
1129 2451 1365 2502 discesseris,
1397 2451 1595 2491 omnibus

240 2529 376 2583 poetis
412 2526 537 2568 deesse
576 2525 730 2568 neceffe
761 2526 834 2568 est.
896 2525 1108 2582 Virgilius
1138 2527 1278 2581 itaque
1308 2540 1330 2565 a
1360 2524 1491 2564 libero
1521 2522 1596 2565 isto

243 2602 401 2657 ingenii
425 2612 466 2641 et
487 2601 636 2642 mentis
669 2601 824 2654 impetu
855 2609 897 2641 et
925 2599 1148 2654 praecipite
1178 2606 1297 2639 motu
1327 2595 1595 2645 interclusus,

239 2684 282 2714 et
304 2684 367 2714 tot
387 2672 650 2714 enthufiasmi
674 2674 861 2723 fouendi,
895 2673 1106 2714 excitandi
1138 2681 1178 2712 et
1212 2670 1491 2712 inflammandi
1523 2669 1596 2709 ad-

242 2746 458 2796 miniculis
493 2745 614 2798 plane
650 2745 887 2795 destitutus,
928 2747 1112 2799 priorum
1149 2755 1362 2799 poetarum
1397 2741 1600 2795 exemplis

244 2829 458 2875 tamquam
490 2819 689 2862 cancellis
731 2818 1089 2874 circumscriptus,
1141 2817 1311 2873 ingenio
1351 2815 1476 2866 frenis
1519 2814 1599 2855 iam
1644 2863 1647 2866 ‚

1509 2896 1599 2928 tum
