1685 3093
231 128 315 186 346
504 124 551 167 P.
574 123 799 164 memx
822 121 1053 162 MAkoms
1075 122 1269 165 Almus.
1420 121 1518 165 Lib.
1540 129 1588 178 43'

240 231 336 273 Nec
358 232 432 272 tibi
456 230 549 271 diva
571 243 734 284 parens,
767 227 925 282 generis
948 241 1024 266 nec
1047 224 1268 266 Dardanus
1290 224 1450 275 aufilor,
1503 224 1585 284 365

239 304 397 346 Perside
419 318 426 342 τ
463 303 523 342 sed
548 303 661 342 duris
682 300 828 356 genuit
850 310 888 339 te
910 299 1101 338 cautibus
1123 298 1294 338 horrens

241 374 468 423 Caucasus,
502 373 805 428 Hyrcanaeque
826 372 1045 412 admdrunt
1067 371 1189 410 ubera
1210 371 1352 426 tigres.

241 447 357 489 Nam
379 447 476 501 quid
499 444 759 494 diffimukm,
793 454 863 484 aut
886 459 989 499 quae
1012 458 1076 483 me
1094 442 1140 482 ad
1165 443 1318 498 majora
1339 442 1536 484 reservem
1547 441 1568 483 's

239 519 360 560 Num
384 519 480 558 fl:tu
503 518 707 572 ingemuit
728 517 898 558 nostro?
933 533 1035 558 num
1055 517 1213 557 lumina
1235 514 1378 555 flexit?

241 591 361 633 Num
385 592 573 631 lacrimas
595 590 730 630 vistus
753 589 880 638 dedit,
914 601 984 628 aut
1007 588 1218 628 miseratus
1241 598 1448 628 amantem
1469 587 1557 629 est?

241 665 364 719 Qme
388 665 540 718 quibus
558 665 781 704 anteferam
803 661 815 700 ἓ
847 663 1036 717 jamjam
1055 675 1130 700 nec
1153 660 1333 700 maxima
1354 660 1485 714 Juno,
1509 676 1586 718 371

242 736 339 777 Nec
364 735 582 776 Saturnius
606 737 705 775 haec
728 735 863 775 oculis
886 746 998 787 pater
1022 734 1167 787 aspicit
1188 734 1345 787 aequis.

241 806 467 861 Nusquam
492 816 581 846 tuta
602 805 718 847 fides.
781 808 956 863 cjrelum
980 808 1115 858 litore,
1147 816 1338 862 egentem

238 878 425 932 Excepi,
457 879 572 932 regni
597 879 762 918 demens
786 879 827 918 in
852 890 962 931 part-s
986 879 1137 919 locavi.

243 950 444 993 Amissam
466 949 647 1000 classem,
681 951 810 990 socios
832 966 855 990 a
876 962 1006 991 morte
1026 951 1184 994 reduxi.
1512 964 1595 1010 375

244 1024 338 1066 Heu
362 1023 500 1064 Furiis
522 1024 688 1063 incensa
708 1024 814 1064 feror
836 1022 843 1063 ἔ
879 1039 992 1064 nune
1012 1039 1144 1080 augur
1163 1025 1338 1080 Apollo,

242 1097 378 1139 Nunc
402 1096 557 1152 Lyciae
580 1097 720 1147 sortes,
753 1112 866 1137 nune
885 1108 925 1138 et
947 1097 1053 1151 Jove
1075 1097 1215 1139 missus
1238 1099 1286 1141 ab
1309 1098 1397 1155 ipso

245 1169 455 1223 Interpres
477 1170 616 1210 divem
641 1171 719 1210 fert
741 1170 904 1211 horrida
921 1169 1025 1227 jussa
1047 1186 1117 1225 per
1139 1186 1272 1213 auras.

243 1242 418 1283 Scilicet
441 1244 473 1283 is
493 1243 645 1296 superis
666 1242 782 1282 labor
802 1242 858 1283 est
879 1259 888 1283 1
923 1258 969 1283 ea
991 1259 1089 1285 cura
1110 1245 1274 1299 quietos

248 1315 472 1357 Sollicitat.
536 1323 670 1370 neque
693 1324 731 1355 te
754 1324 890 1365 teneo,
924 1330 1057 1369 neque
1079 1311 1367 1359 dieka'refello.
1514 1318 1595 1373 380

247 1387 288 1440 I,
321 1388 482 1442 sequere
505 1387 670 1428 Italiam
687 1388 821 1427 ventis
843 1401 851 1426 :
887 1396 977 1439 pete
999 1402 1126 1443 regna
1147 1403 1217 1442 per
1238 1388 1384 1432 undas.

249 1459 376 1514 Spero
397 1459 588 1513 equidem
611 1460 772 1510 mediis,
805 1458 832 1500 fi
855 1460 955 1513 quid
978 1461 1045 1513 pia
1065 1462 1238 1502 numina
1259 1460 1442 1514 possunt,

250 1531 466 1586 Supplicia
486 1531 709 1571 hausurum
732 1532 928 1586 seopulis,
960 1542 1000 1572 ct
1022 1534 1191 1573 nomine
1212 1532 1330 1575 Dido

242 1603 375 1657 §ape
397 1614 659 1644 vocaturum.
722 1604 865 1658 sequar
886 1606 982 1645 atris
1007 1606 1173 1660 ignibus
1193 1606 1337 1648 absens
1357 1620 1367 1646 ε

248 1677 324 1728 Et,
355 1692 451 1718 cum
474 1677 625 1732 frigida
645 1691 755 1717 mors
777 1677 912 1717 anima
929 1678 1133 1719 seduxerit
1154 1689 1285 1730 artus,
1516 1679 1596 1736 385

251 1750 466 1796 Omnibus
491 1749 637 1790 umbra
659 1750 764 1790 locis
785 1750 920 1792 adero.
982 1751 1115 1803 dabis,
1149 1752 1338 1808 inprobe,
1371 1765 1538 1806 poenas.

302 1911 390 1950 532·
421 1898 504 1934 Did
516 1896 557 1934 he
576 1910 651 1933 once
676 1894 813 1944 deigm]
871 1894 974 1933 Here
993 1894 1022 1933 is
1039 1907 1061 1932 a
1077 1895 1279 1947 charming
1294 1895 1459 1933 instance
1473 1894 1520 1933 of
1533 1894 1598 1932 the

244 1953 371 2003 poet’s
386 1948 565 1999 exquisite
586 1959 667 1984 art:
700 1947 762 1983 He
784 1945 911 1983 makes
932 1949 1036 1985 Dido
1058 1948 1096 1984 in
1120 1948 1183 1985 the
1210 1949 1342 1999 height
1367 1947 1413 1985 of
1433 1948 1498 1989 her
1515 1946 1599 1998 pas,

249 2004 343 2047 sion,
374 2011 458 2039 turn
493 1999 675 2048 suddenly
696 1999 790 2036 from
824 1998 1031 2051 addreffing
1053 2001 1194 2037 AEneas
1213 2000 1252 2037 in
1277 2001 1341 2037 the
1362 2000 1494 2037 second
1513 2012 1599 2051 perv

251 2054 332 2100 son,
363 2064 402 2092 to
422 2052 534 2104 speak
552 2053 598 2090 of
619 2053 700 2090 him
719 2052 759 2089 in
779 2052 842 2089 the
859 2052 976 2097 third,
1007 2066 1044 2089 as
1066 2052 1101 2089 if
1123 2053 1169 2090 he
1186 2065 1281 2091 were
1297 2052 1444 2098 absent,

867 2136 955 2187 366.
1013 2135 1085 2173 She
1106 2135 1195 2172 then
1211 2134 1396 2186 suddenly
1412 2133 1543 2186 speaks
1557 2132 1599 2176 in

354 2141 482 2176 Genuit
496 2149 529 2175 te
547 2137 708 2175 cautibus

459 2191 523 2228 the
542 2190 658 2235 third,

351 2245 544 2293 Numfletu
562 2246 762 2294 ingemuit?
789 2264 866 2280 -,-
895 2241 983 2293 369.
1014 2240 1123 2278 down
1142 2252 1181 2278 to
1199 2253 1275 2278 ver.
1299 2242 1388 2290 380.
1409 2240 1519 2278 when
1539 2239 1600 2278 she

499 2305 601 2333 turns
621 2306 660 2333 to
677 2295 757 2333 him
778 2296 908 2348 again,
938 2295 978 2332 in
997 2295 1061 2331 the
1077 2293 1212 2331 second
1227 2292 1377 2344 person,

357 2381 581 2432 ——Neque
598 2392 631 2418 te
649 2392 754 2424 teneo,
786 2395 888 2431 neque
905 2381 1000 2416 dicra
1019 2377 1154 2429 refiello.

356 2436 382 2472 I
385 2435 525 2486 fiquere
543 2433 691 2471 Italiam
711 2438 846 2477 ventis,
869 2443 950 2483 pete
967 2446 1074 2482 regna
1087 2440 1153 2480 per
1170 2430 1294 2467 undas.
1353 2430 1442 2479 380.

253 2518 365 2557 After
380 2518 445 2554 her
462 2516 598 2568 paffion
616 2516 645 2553 is
661 2515 813 2554 worked
831 2528 880 2565 up
896 2524 934 2552 to
949 2514 1013 2551 the
1030 2514 1186 2565 greatest
1202 2511 1333 2563 height
1348 2509 1597 2562 imaginable,

253 2571 330 2608 and
361 2569 562 2620 becoming
592 2579 653 2608 too
680 2569 825 2606 violent
856 2567 912 2604 for
940 2567 1007 2604 her
1037 2577 1076 2603 to
1107 2565 1274 2617 support,
1305 2565 1368 2602 the
1398 2575 1485 2615 poet
1509 2575 1599 2612 very
1650 2556 1679 2600 J

254 2623 444 2713 naturglly
463 2621 648 2660 describes
674 2622 742 2661 her
770 2620 935 2673 sainting
964 2632 1084 2670 away,
1115 2618 1188 2665 and
1209 2616 1353 2664 carried
1385 2617 1442 2657 off
1463 2616 1512 2673 by
1530 2615 1600 2661 he?

256 2685 360 2715 atten
391 2685 490 2715 antS.
