1685 3093
174 153 257 198 262
448 149 495 193 P.
516 150 741 192 V1RG1L11
764 148 999 192 MAnoms
1016 149 1212 194 ΑεΝΕιε.
1360 149 1456 205 Lib.
1477 169 1517 223 3‚

178 240 422 296 Adgnosco,
456 238 687 297 Scaeaeque
708 242 933 296 amplefior
955 241 1101 283 limina
1119 252 1274 297 portae.

177 312 272 353 Nec
295 328 380 354 non
401 323 441 353 et
463 311 623 354 Teucri
647 314 755 354 socia
776 313 894 355 simul
917 314 1018 356 urbe
1039 315 1250 367 fruuntur.

179 383 279 426 Illos
302 385 531 439 porticibus
552 399 624 426 rex
644 386 873 440 accipiebat
899 387 942 428 in
964 386 1128 441 amplis.

177 457 306 498 Aulai
331 458 372 497 in
395 456 529 499 medio
551 457 740 498 libabant
763 457 914 511 pocula
934 457 1108 508 Bacchi,

180 528 374 583 Inpositis
396 543 497 568 auro
517 528 690 583 dapibus
709 547 722 580 3
756 531 994 585 paterasque
1015 531 1225 583 tenebant.
1448 544 1527 590 355

179 601 358 656 Jamque
376 601 480 652 dies,
514 601 701 657 alterque
721 602 805 644 dies
827 605 1012 657 proceffit
1031 623 1043 654 3
1075 613 1116 644 et
1137 616 1256 643 aurae

178 672 289 714 Vela
309 683 478 724 vocant,
510 675 756 729 tumidoque
778 676 946 715 inflatur
966 676 1154 716 carbasus
1177 675 1324 718 austro.

178 747 260 789 His
282 755 419 788 vatem
439 746 651 802 adgredior
671 747 809 797 diesis,
842 760 887 786 ac
908 747 1007 788 talia
1027 748 1175 801 quaeso
1196 761 1205 787 :

179 819 430 875 Trojugena
451 820 648 873 interpres
671 818 847 870 Divom,
880 821 952 874 qui
975 821 1148 860 numina
1172 820 1348 873 Phoebi,

179 893 271 947 Qi
293 892 494 946 tripodas,
530 891 662 932 Clarii
686 892 844 942 laurus,
877 893 948 946 qui
970 891 1255 944 siderasentis,
1450 895 1531 952 360

181 964 239 1006 Et
259 964 478 1005 volucrum
500 963 683 1018 linguas,
715 973 755 1004 et
777 965 977 1018 praepetis
998 966 1138 1006 omina
1161 981 1318 1020 pennae
1339 980 1348 1006 :

181 1035 285 1078 Fare
306 1052 379 1092 age
413 1037 615 1091 (namque
636 1051 800 1078 omnem
824 1039 988 1078 cursum
1010 1039 1112 1079 mihi
1135 1039 1325 1094 prospera
1345 1039 1452 1084 dixit

181 1108 369 1166 Religio,
398 1119 438 1149 et
460 1109 602 1150 cunc'ti
626 1111 834 1152 suaserunt
855 1112 1027 1152 numine
1048 1111 1134 1152 divi

181 1181 348 1222 Italiam
370 1193 521 1235 petere,
552 1198 598 1224 ac
621 1193 745 1225 terras
768 1194 924 1225 tentare
945 1184 1120 1239 repostas
1141 1198 1150 1224 :

181 1254 278 1296 Sola
300 1271 450 1297 novom
471 1257 670 1311 dic‘tuque
691 1258 804 1300 nefas
826 1257 1012 1314 Harpyia
1033 1256 1219 1298 Celaeno
1438 1243 1530 1313 ρ365

180 1328 424 1385 Prodigium
447 1331 577 1380 canit,
610 1345 656 1370 ac
679 1330 802 1371 tristis
828 1331 1046 1371 denuntiat
1068 1331 1164 1379 iras,

182 1400 529 1457 Obscaenamque
551 1403 724 1456 famem)
759 1418 863 1457 quae
888 1404 1020 1457 prima
1042 1402 1224 1456 pericula
1244 1402 1359 1443 vito?

182 1475 353 1529 Quidve
376 1474 547 1530 sequens
569 1486 707 1517 tantos
732 1477 871 1530 possim
894 1476 1077 1529 superare
1099 1475 1258 1515 labores
1278 1474 1292 1514 ?

182 1547 266 1587 Hic
290 1547 493 1598 Helenus,
526 1547 647 1588 caesis
670 1549 846 1601 primum
869 1548 916 1588 de
939 1562 1050 1588 more
1066 1548 1277 1604 juvencis,

182 1619 340 1661 Exorat
360 1635 500 1673 pacem
521 1619 697 1670 Divom,
730 1621 934 1675 vittasque
954 1621 1123 1662 resolvit
1450 1633 1532 1678 370

182 1690 338 1733 Sacrati
363 1692 529 1746 capitiS,
562 1706 709 1746 meque
730 1692 777 1731 ad
800 1701 872 1732 tua
893 1692 1055 1742 limina,
1089 1690 1271 1745 Phoebe,

185 1764 277 1818 Ipse
300 1779 424 1804 manu
447 1764 580 1809 multo
602 1763 836 1816 suspensum
859 1764 1030 1805 numine
1050 1763 1196 1804 ducit:

182 1838 326 1892 Atque
346 1839 444 1878 haec
466 1837 611 1878 deinde
633 1836 747 1878 canit
768 1836 910 1887 divino
930 1851 980 1877 ex
1001 1852 1069 1878 ore
1091 1837 1273 1878 sacerdos
1292 1851 1302 1877 ;

237 2001 327 2050 466.
376 2001 557 2049 Asccond
586 2002 709 2039 Scaean
731 2012 817 2053 gare
843 2002 868 2039 I
892 1999 984 2049 clasp
1011 2003 1109 2039 with
1129 2002 1229 2054 joy.]
1286 1999 1413 2039 Those
1450 2001 1535 2039 who

185 2067 282 2091 were
301 2053 420 2104 going
449 2064 515 2091 out
546 2065 583 2091 to
603 2054 854 2098 banishment‚
885 2066 927 2090 or
959 2052 1076 2092 about
1107 2064 1146 2092 to
1179 2055 1295 2092 travel
1324 2053 1408 2090 into
1436 2053 1535 2105 some

184 2107 321 2143 distant
335 2117 510 2155 country,
529 2119 622 2143 were
643 2117 744 2144 wont
766 2116 804 2144 to
822 2105 994 2144 embrace
1014 2107 1077 2144 the
1093 2107 1222 2157 pillars
1236 2106 1308 2144 and
1330 2105 1533 2143 thresholds

183 2159 339 2196 ofrheir
360 2158 505 2196 houses.
564 2158 661 2195 This
692 2159 779 2207 they
812 2158 888 2195 also
921 2156 986 2194 did
1017 2169 1056 2195 at
1086 2159 1182 2196 their
1200 2169 1343 2196 return.
1399 2158 1534 2195 Hence

184 2212 236 2248 V.
254 2212 426 2255 Flaccus,
450 2213 545 2262 Arg.
569 2210 606 2248 b.
621 2210 919 2262 i.-Patriaeque
936 2211 1095 2259 amplam
1113 2211 1237 2249 limina
1249 2222 1386 2262 portae.

240 2263 338 2299 This
376 2264 512 2300 custom
549 2265 637 2313 they
666 2264 847 2313 practised
884 2263 1051 2300 likewise
1084 2262 1123 2301 in
1171 2265 1234 2302 the
1264 2262 1427 2303 colonies
1467 2260 1532 2300 de-

185 2315 353 2366 pendent
375 2329 477 2369 upon
498 2316 595 2358 their
614 2316 816 2366 respective
837 2314 1039 2357 countries.
