1685 3093
235 193 291 252 36
547 192 1128 249 DISQVISITIO
1199 195 1236 239 1.

236 299 472 353 scriptionis
506 297 720 338 confilium
744 295 930 350 prosequi
952 298 1169 340 mallemus
1189 298 1233 339 *.
1287 297 1445 340 Verum
1480 297 1571 341 cui-

237 386 318 426 que
340 370 566 426 Virgiliani
592 368 786 410 carminis
807 368 980 411 virtutes
1017 371 1093 411 rite
1114 369 1370 411 aestimaturo
1390 371 1471 412 alte
1492 373 1572 413 hoc

237 444 367 484 menti
403 442 569 483 insidere
600 441 735 490 debet,
777 454 859 494 qua
890 451 1037 495 aetate,
1079 458 1164 497 quo
1199 444 1241 483 in
1277 445 1446 498 populo,
1492 457 1575 499 qua

238 516 281 556 in
302 515 416 565 vrbe,
449 528 552 569 quos
576 515 682 554 inter
705 514 892 554 homines
914 526 1032 569 poeta
1046 516 1213 564 vixerit,
1237 530 1360 569 quem
1384 516 1476 556 inde
1499 531 1572 557 co-

238 588 368 628 lorem
390 601 556 627 carmen
577 587 664 627 eius
685 587 865 637 duxerit,
888 597 948 638 vt,
979 586 1048 627 etsi
1072 588 1181 628 saluo
1201 596 1241 626 et
1262 587 1422 642 integro
1435 587 1572 628 heroi-

239 675 381 700 corum
405 668 637 713 temporum
650 675 777 711 more,
801 660 939 714 purior
960 669 1114 711 tamen,
1135 659 1326 700 mundior
1345 668 1386 699 et
1400 658 1572 714 castIga-

237 733 318 773 tior
339 731 432 773 esset
453 733 646 773 carminis
675 734 857 783 habitus,
892 732 1062 772 affectus
1082 742 1122 772 et
1152 732 1248 771 πάθη
1271 731 1351 771 alia
1371 733 1575 773 mitiorem

237 807 317 847 alia
336 806 566 861 grauiorem
601 815 790 846 naturam
810 805 1066 858 omninoque
1097 804 1285 845 cultioris
1314 804 1403 844 aeui
1434 804 1575 859 digni-

237 889 364 919 tatem
404 878 616 928 haberent,
649 879 905 932 heroumque
940 891 1089 926 mores,
1123 876 1342 916 sententiae
1372 890 1420 917 ac
1450 876 1575 927 dicia,

236 950 308 992 etsi
336 951 520 991 heroicae
556 950 677 990 aetati
709 949 999 999 consentanea,
1035 947 1231 1006 spirarent
1265 957 1403 987 tamen
1438 947 1576 988 nescio

239 1023 340 1077 quid
373 1037 424 1063 cx
456 1021 658 1078 elegantia
698 1023 839 1074 seculi,
883 1022 994 1063 vrbis
1024 1030 1065 1061 et
1097 1019 1229 1070 aulae,
1260 1020 1304 1060 in
1344 1033 1427 1074 qua
1460 1028 1578 1074 poeta

237 1095 359 1136 vixit.

292 1166 362 1208 Ad
397 1166 560 1207 cultum
596 1166 822 1223 Virgiliani
857 1168 1052 1209 carminis
1087 1174 1249 1222 gratum
1283 1172 1323 1204 ct
1358 1165 1576 1206 amabilem

235 1253 321 1280 non
344 1238 482 1278 minus
505 1238 655 1291 specht
681 1239 879 1280 orationis
903 1238 1077 1288 indoles,
1110 1237 1262 1291 quippe
1284 1251 1387 1291 quae
1418 1237 1462 1277 in
1483 1236 1577 1277 fim-

238 1310 423 1364 plicitate
438 1311 617 1351 mirabili
636 1312 881 1368 dignitatem
901 1312 1033 1352 seruat
1049 1319 1089 1350 ct
1105 1310 1365 1365 grauitatem.
1410 1308 1579 1351 Ornatu

237 1384 351 1424 enim
371 1384 485 1425 vario
505 1393 546 1423 et
584 1382 803 1438 exquisito,
834 1392 874 1423 et
900 1383 1092 1424 sermonis
1126 1382 1277 1437 poetici
1304 1383 1455 1434 nitore,
1487 1397 1580 1423 ora-

238 1456 365 1497 tionis
387 1455 592 1510 dignitate
613 1464 654 1494 ct
676 1455 895 1510 grauitate,
929 1455 1221 1495 sententiarum
1258 1455 1450 1508 pondere,
1486 1454 1580 1496 Ho-

236 1541 396 1568 merum
431 1528 658 1582 longifiime
709 1528 939 1577 antecellit,
990 1528 1110 1568 cuius
1147 1528 1235 1568 laus
1278 1529 1497 1582 praecipua
1535 1528 1580 1568 in

243 1599 493 1652 proprietate
524 1607 565 1638 et
593 1596 853 1650 simplicitate
876 1597 1000 1651 posita
1020 1598 1093 1649 est,
1125 1598 1194 1639 etsl
1217 1613 1290 1640 nec
1310 1601 1372 1641 vis
1392 1610 1433 1640 et
1454 1600 1581 1641 robur

238 1686 316 1712 ncc
341 1671 611 1725 pulchritudo
639 1681 679 1710 ct
708 1670 916 1711 interdum
950 1684 1027 1710 nec
1062 1679 1231 1711 ornatus
1253 1672 1288 1712 ci
1327 1671 1439 1713 defit.
1502 1671 1581 1713 Sed

241 1743 553 1799 ncc'Virgilius
577 1744 619 1783 in
641 1744 890 1783 ornatiffima
903 1743 1089 1783 oratione
1104 1742 1404 1798 simplicitatem
1425 1754 1464 1786 et
1485 1760 1582 1799 pro-

243 1817 461 1871 prietatem
484 1816 692 1857 deseruiss'e
713 1816 840 1857 videri
864 1815 983 1856 debet
1003 1835 1014 1865 3
1047 1815 1118 1857 etsl
1148 1817 1348 1871 scquiorcs
1370 1817 1586 1872 scriptores

241 1888 375 1929 multa
395 1889 594 1929 orationis
619 1889 708 1930 suae
739 1890 952 1944 pigmenta
983 1898 1023 1929 et
1045 1889 1254 1930 lenocinia
1273 1904 1323 1931 ex
1342 1905 1390 1930 eo
1411 1891 1582 1944 adopta-

240 1961 353 2011 rint3
378 1961 440 2001 sed
464 1961 570 2001 male
591 1962 633 2002 in
657 1962 875 2016 pedestrem
897 1962 1026 2020 illatis
1052 1963 1120 2013 iis,
1151 1977 1255 2017 quae
1276 1963 1447 2003 carmini
1469 1973 1586 2004 erant

244 2034 423 2088 propria.
487 2032 611 2074 Certe
650 2035 801 2088 poetici
844 2044 1016 2076 ornatus
1051 2035 1251 2090 elegantis
1291 2049 1366 2074 nec
1404 2033 1584 2075 affeetati

243 2105 622 2160 praestantissimum
642 2116 683 2147 et
704 2108 875 2148 vnicum
897 2107 1106 2161 exemplar
1127 2107 1202 2148 esse
1224 2108 1398 2149 arbitror
1419 2121 1587 2148 carmen

246 2176 558 2233 Virgilianum3
610 2181 653 2219 in
693 2181 771 2220 hoc
814 2180 1009 2221 sermonis
1050 2181 1201 2235 poetici
1242 2181 1411 2236 genium
1452 2180 1588 2234 primo

246 2251 522 2292 constitutum
556 2262 597 2293 et
637 2253 686 2293 ad
725 2262 837 2293 certa
873 2268 1011 2294 rerum
1042 2254 1247 2308 principia
1267 2268 1312 2294 ac
1333 2252 1492 2308 regulas
1512 2266 1588 2292 ex-

245 2323 384 2365 aetum
405 2324 702 2379 deprehendere
724 2336 765 2366 et
787 2336 998 2380 troporum
1022 2342 1069 2368 ac
1097 2326 1324 2383 figurarum
1359 2335 1527 2367 naturas
1547 2334 1589 2366 et

301 2543 326 2566 ³*
357 2542 505 2594 Scripta
526 2540 618 2578 haec
636 2550 759 2586 erant,
790 2555 875 2582 cum
896 2543 934 2580 in
955 2555 1087 2579 manus
1116 2540 1307 2579 sumslmus
1326 2539 1484 2584 Hurdii,
1512 2539 1589 2577 ele-

251 2595 452 2646 gantiffimi
471 2593 661 2638 Britanni,
686 2594 979 2645 disputationem
1011 2593 1059 2631 de
1091 2592 1303 2631 imitatione
1331 2591 1495 2642 poetica,
1523 2591 1592 2642 qui

251 2647 440 2697 praeclare
460 2659 538 2683 rem
558 2646 726 2695 expedit,
748 2658 932 2696 quatenus
949 2657 986 2685 et
999 2659 1123 2684 rerum
1139 2659 1160 2683 a
1174 2645 1293 2696 poetis
1312 2643 1591 2681 trastandarum

250 2708 291 2736 et
309 2698 550 2750 ingeniorum
576 2701 722 2735 ta'ntam
742 2698 840 2736 inter
860 2700 893 2736 se
920 2699 991 2737 effe
1009 2697 1228 2735 affinitatem
1247 2696 1372 2740 docet,
1399 2705 1441 2734 vt
1467 2695 1591 2746 plures

251 2751 384 2788 eadem
415 2759 480 2787 aut
508 2749 639 2787 eodem
670 2750 782 2788 modo
808 2750 937 2801 eloqui
971 2751 1111 2788 neceffe
1139 2749 1207 2794 fit;
1237 2748 1332 2786 bene
1351 2747 1465 2785 etiam
1487 2757 1593 2786 notas

253 2815 365 2840 verae
387 2801 608 2840 imitationis
629 2802 785 2852 apponit
802 2818 813 2848 ;
837 2802 899 2840 sed
913 2813 953 2840 vt
971 2802 1018 2840 de
1032 2801 1190 2853 Virgilii
1211 2800 1426 2840 imitatione
1445 2799 1593 2838 senten-

255 2853 348 2893 tiam
367 2863 614 2902 mutaremus,
642 2853 739 2893 nihil
759 2854 808 2894 ab
826 2868 872 2895 eo
888 2855 1047 2896 allatum
1062 2853 1241 2894 vidimus.
1301 2899 1305 2902 ⁷

1316 2921 1595 2965 inuersionum
